2828 4808
525 885 708 959 SEXTUM
729 883 887 946 CAPUT.

222 1199 266 1243 DE
286 1161 480 1244 (lRAEGORUM
502 1196 768 1242 PROVERBIORUM
788 1195 830 1241 Er
852 1196 1092 1244 PROLA'I'IONUM
1113 1198 1191 1244 USU.
1261 1264 1265 1269 .

183 1617 264 1679 Non
279 1613 351 1693 J‘am
364 1613 405 1674 de
420 1611 607 1673 diffidentia
622 1612 654 1673 et
669 1611 823 1673 cautione
838 1611 896 1673 illa
913 1611 1064 1675 dicemus
1078 1631 1163 1694 quas
1178 1615 1267 1695 apud

141 1713 301 1797 quemvis
315 1711 420 1774 alium
434 1711 627 1773 Romanum
643 1710 678 1771 in
694 1711 811 1772 eodem
826 1709 1026 1774 difficillimo
1046 1729 1159 1776 rerum
1177 1714 1267 1776 statu

142 1827 320 1892 agnoscas,
335 1827 444 1888 neque
460 1809 548 1888 apud
563 1825 670 1870 unum
684 1807 729 1870 M.
745 1808 896 1870 Tullium
911 1809 1077 1889 reperias3
1095 1812 1154 1873 sed
1168 1829 1270 1890 quos-

142 1911 223 1972 dam
245 1908 350 1971 animi
369 1909 482 1969 motus
502 1905 676 1968 Ciceronis
696 1907 850 1987 proprios
868 1909 900 1969 et
913 1908 1100 1988 peculiares
1119 1909 1271 1989 explora·

141 2008 213 2070 turi
228 2024 360 2080 sumus,
375 2005 405 2066 si
421 2005 759 2066 animadverterimus
772 2022 846 2084 quae
861 2005 1077 2086 potissimum
1090 2008 1268 2087 proverbia

144 2106 198 2168 vel
214 2104 364 2166 carmina
380 2120 422 2165 ex
437 2102 543 2165 Ioniis
557 2102 722 2165 Atticisve
739 2101 805 2166 sibi
820 2106 963 2184 arroget.

184 2188 375 2266 Nonnullis
386 2201 420 2263 in
441 2200 604 2281 epistolis,
621 2218 731 2280 neque
749 2201 792 2262 iis
812 2201 1056 2282 frequentibus
1073 2204 1190 2285 adagio
1209 2205 1268 2268 illa

143 2301 259 2364 laudat
287 2317 361 2382 quae
391 2317 459 2361 non
488 2298 623 2378 ingenio
654 2299 758 2360 unius
785 2299 838 2362 vel
866 2301 972 2380 poetae
1000 2302 1051 2364 vel
1077 2302 1267 2385 philosophi

145 2399 344 2479 excogitata,
365 2398 423 2459 sed
444 2414 485 2458 ex
503 2397 674 2459 communi
694 2397 848 2460 omnium
868 2397 959 2461 fonte
980 2399 1074 2478 lapsa
1093 2403 1270 2483 conterun-

143 2501 201 2560 tur
215 2497 382 2559 vetustate
398 2498 430 2558 et
450 2495 485 2556 in
506 2495 787 2558 consuetudinem
803 2497 1076 2576 pervulgatorum
1091 2498 1268 2562 effatorum

144 2595 299 2657 veniunt.
316 2593 397 2669 Quae
413 2596 533 2656 cuncta
549 2593 690 2656 minime
710 2594 843 2656 animos
860 2596 901 2656 ad
917 2595 1029 2657 laudis
1048 2613 1198 2659 amorem
1214 2615 1271 2660 en-

145 2694 269 2756 tollunt
293 2694 350 2754 aut
379 2692 420 2753 ad
448 2690 630 2764 sublimem
655 2692 894 2754 excellentium
920 2693 1071 2756 virorum
1099 2694 1269 2757 insaniam

144 2791 320 2871 instigant,
341 2793 374 2852 at
393 2792 509 2852 contra
529 2806 808 2869 unumquemque
827 2791 992 2854 inducunt
1012 2794 1049 2854 ut
1068 2793 1269 2874 cupiditates

142 2891 306 2963 coerceat,
327 2891 365 2950 ut
386 2888 592 2950 alacritatem
612 2887 770 2963 refrenet,
795 2891 831 2951 ut
853 2889 994 2951 nimiam
1013 2890 1049 2952 in
1069 2891 1196 2971 agendo
1215 2892 1269 2955 vel

144 2989 181 3050 in
200 2986 420 3067 perdiscendo
441 2986 689 3049 contentionem
710 2988 872 3066 tanquam
891 3005 1014 3050 vanam
1037 2992 1069 3052 et
1091 2990 1269 3053 ridiculam

144 3087 351 3165 compescat,
375 3087 412 3147 ut
434 3085 578 3164 denique
602 3102 673 3161 res
696 3102 765 3148 non
789 3086 906 3162 verba,
922 3088 1166 3167 'prosequatur
1189 3090 1269 3152 Haeo

143 3184 408 3265 prudentissime
427 3184 516 3245 dicta
535 3183 564 3244 si
584 3184 985 3274 saepiusausoultavisset
1005 3189 1131 3263 noster,
1152 3206 1219 3263 non
1239 3189 1270 3250 is

144 3282 332 3345 exstitisset
352 3282 410 3361 qui
433 3282 636 3344 deridendus
658 3285 747 3345 esset
769 3283 949 3362 aliquando
972 3287 1004 3348 et
1026 3286 1271 3366 reprehenden-

144 3383 209 3442 dus
228 3381 263 3442 in
281 3398 316 3442 re
330 3380 465 3460 publica
483 3381 654 3459 privatave
667 3381 945 3445 administranda.
959 3384 1092 3446 Atticus
1107 3402 1186 3448 vero
1201 3403 1268 3447 non

142 3479 222 3541 talis
242 3478 375 3559 ingenio
395 3479 427 3539 et
446 3477 598 3540 moribus
616 3477 872 3554 obversabatur,
888 3481 943 3542 cui
960 3481 1181 3544 consiliorum
1200 3501 1271 3546 mo-

143 3577 288 3641 destiam
304 3580 336 3639 et
354 3579 486 3638 cautam
500 3577 577 3638 vitae
593 3577 757 3639 rationem
773 3596 810 3640 ao
827 3579 916 3641 viam
932 3582 1160 3643 commendari
1176 3583 1271 3645 dece-

144 3679 205 3738 ret.
224 3674 361 3745 Quoties
376 3692 395 3735 a
410 3674 569 3736 Cicerone
588 3675 658 3736 haec
678 3678 855 3755 proverbia
874 3683 1194 3755 commemorantur,
1211 3683 1271 3742 aut

143 3792 163 3836 a
178 3773 322 3836 summis
338 3773 442 3836 labris
459 3773 580 3849 fluunt,
600 3792 666 3835 non
683 3792 725 3836 ex
741 3776 810 3838 imo
830 3780 961 3856 pectore
978 3783 1192 3858 promuntur,
1209 3784 1267 3843 aut

143 3875 179 3948 in
194 3872 337 3951 alicujus
354 3889 408 3935 res
423 3873 455 3934 et
470 3871 556 3934 iacta
568 3875 735 3952 aptantur,
749 3876 807 3937 aut
822 3876 863 3938 ab
879 3877 952 3956 ipso
967 3879 1129 3957 tanquam
1143 3880 1272 3942 detrec-

142 3971 246 4032 tando
261 3973 479 4049 respuuntur.

189 4066 274 4140 Ἀλις
285 4069 377 4148 dccx,
391 4067 474 4129 satis
485 4085 630 4147 quercus
643 4088 650 4130 :
663 4070 702 4131 de
716 4070 836 4149 priscis
850 4072 1058 4149 bominibus
1071 4075 1128 4153 qui
1144 4074 1270 4138 relictis

144 4163 323 4246 glandibus
340 4164 494 4244 frugibus
511 4169 744 4230 vescebantur.
766 4193 777 4225 ι
792 4170 894 4234 Dices
910 4172 1052 4235 fortasse
1069 4192 1076 4234 :
1095 4174 1270 4254 dignitatis
