2828 4808
622 355 784 418 „96-

139 490 240 552 rum‘l
264 489 379 551 Cicero
403 488 437 550 id
461 486 603 551 tentavit
627 487 664 550 ‘et
691 486 916 567 pulcherrime
943 486 1119 565 processit.
1149 484 1264 549 Finem

140 587 237 649 illurn
265 603 367 667 quem
396 587 462 650 sibi
491 585 572 649 Cato
602 588 634 649 et
662 586 823 648 Rabirius
854 585 978 646 frustra
1006 586 1264 664 proposuerant,

140 685 254 748 Cicero
271 685 401 764 primus
417 686 528 765 petere
543 685 665 764 potuit.

180 783 261 845 Post
288 782 483 845 Ciceronem
513 785 701 856 mortuum,
731 782 947 862 magistratus
975 783 1007 843 et
1035 781 1213 842 senatores
1238 783 1266 844 et

139 881 318 962 principes
341 898 452 942 coram
470 881 593 960 populo
614 883 646 943 et
664 881 698 942 in
719 881 850 953 senatu,
868 898 884 941 a
906 879 1022 960 graecis
1037 879 1152 941 verbis
1169 878 1266 940 absti-

143 981 288 1042 nuerunt
314 997 321 1040 ε
348 980 430 1042 adeo
454 981 490 1040 ut
517 1004 529 1035 «
555 979 784 1059 monopolium
810 971 1048 1040 nominaturus
1075 976 1265 1058 (Tiberius)

140 1077 235 1157 prius
250 1078 384 1140 veniam
399 1077 595 1157 postularet,
610 1078 700 1156 quod
716 1077 780 1139 sihi
796 1076 898 1139 verbo
913 1075 1088 1156 peregrino
1105 1075 1266 1137 utendum

141 1179 242 1252 essct,
263 1179 364 1256 atque
384 1176 485 1238 etiam
505 1194 583 1238 eum
602 1176 638 1237 in
657 1177 804 1255 quodam
823 1177 955 1238 decreto
977 1177 1113 1255 patrum
1133 1175 1266 1254 ἔμόλημα

142 1274 349 1348 recitaretur,
368 1274 640 1336 commutandam
660 1275 812 1336 censeret
829 1291 944 1336 vocem
964 1275 997 1335 et
1012 1289 1072 1352 pro
1093 1272 1267 1352 peregrina

142 1374 326 1436 nostratem
344 1373 580 1452 requirendam
598 1375 655 1435 aut
674 1373 703 1434 si
721 1391 788 1434 non
806 1373 1019 1453 reperiretur,
1037 1372 1091 1435 vel
1113 1371 1266 1452 pluribus

143 1473 175 1533 et
190 1488 249 1550 per
264 1469 431 1532 ambitum
446 1471 626 1533 verborum
642 1488 713 1533 rem
730 1470 972 1533 enuntiandam
982 1473 1007 1532 ¹.
1028 1493 1039 1526 ι

180 1568 220 1629 In
248 1568 399 1647 epistolis
427 1571 540 1631 autem
567 1569 708 1647 privatis
737 1586 844 1649 graeca
873 1568 974 1631 verba
999 1569 1213 1649 usurpabant
1237 1570 1267 1630 et

142 1667 317 1746 Augustus
341 1668 372 1727 et
397 1665 580 1740 Claudius3
605 1684 707 1746 quam
731 1668 1013 1730 consuetudinem
1037 1667 1267 1747 deprehendas

142 1765 177 1825 in
198 1762 349 1844 epistolis
369 1781 454 1843 quas
473 1763 656 1827 Suetonius
678 1765 791 1843 retulit
813 1784 820 1827 :
845 1788 856 1821 r
881 1765 1139 1827 iucundissime
1159 1767 1203 1839 et,
1224 1764 1268 1826 ita

143 1863 209 1924 sim
229 1862 322 1936 felix,
338 1861 391 1924 vir
410 1862 595 1925 fortissime
615 1865 647 1925 et
661 1863 731 1924 dux
750 1867 940 1943 vepapdrace,
960 1863 1033 1925 vale
1046 1865 1070 1925 ².
1092 1887 1104 1920 »
1123 1899 1161 1907 -
1179 1886 1190 1919 ι
1210 1860 1268 1923 Mi-

142 1961 246 2023 sellus
269 1961 366 2042 ἀτυχεῖ
384 1980 391 2022 :
416 1979 493 2022 nam
514 1963 542 2023 ἐν
564 1968 625 2036 τοῖς
645 1963 818 2041 σπουδαίοις,
836 1962 894 2025 ubi
915 1980 982 2024 non
1006 1962 1176 2025 aberravit
1198 1962 1268 2042 ejus

142 2059 289 2132 animine,
309 2059 391 2120 satis
411 2063 547 2140 apparet
562 2063 580 2138 ἡ
595 2068 647 2138 τῆς
661 2066 754 2142 ψυχῆς
770 2062 853 2123 uisci
867 2061 992 2141 εὐγένεια
1003 2061 1026 2122 ³.
1049 2084 1060 2117 r
1078 2059 1129 2122 De
1145 2061 1268 2140 quibus

142 2158 379 2220 animadvertit
399 2158 531 2221 Goelzer
556 2178 563 2219 :
587 2182 598 2215 ι
622 2159 734 2221 Telles
754 2159 879 2222 etaient
901 2159 951 2221 les
974 2159 1155 2221 habitudes
1177 2159 1218 2221 de
1237 2157 1268 2219 la

141 2258 253 2318 bonne
274 2255 396 2318 societe
417 2256 458 2318 de
477 2256 606 2331 Rome;
625 2256 656 2318 le
676 2256 801 2336 mepris
820 2275 905 2337 pour
923 2257 955 2319 le
975 2274 1050 2337 grec
1072 2257 1190 2319 u'etait
1209 2273 1268 2336 pas

142 2355 218 2433 plus
233 2354 362 2415 sincere
378 2371 442 2433 que
458 2353 488 2416 le
505 2354 629 2434 mepris
644 2373 729 2435 pour
744 2355 852 2418 l'artl.
873 2381 885 2411 ι

184 2452 218 2514 Si
237 2469 314 2514 vero
330 2452 453 2533 scripta
473 2453 672 2532 respexeris
690 2455 762 2515 tum
784 2453 1010 2533 irrumpentes
1030 2469 1156 2533 graecas
1172 2471 1268 2516 voces

144 2550 178 2610 in
199 2549 344 2611 latinum
364 2567 555 2612 sermonem
577 2550 719 2613 videbis.
741 2552 781 2613 In
802 2550 846 2613 M.
869 2551 1018 2613 Vitruvii
1041 2550 1208 2614 Pollionis
1230 2557 1268 2615 de

143 2649 394 2710 Architectura
416 2648 531 2710 decem
552 2648 650 2710 libris
670 2647 859 2728 frequentia
878 2649 1003 2711 adsunt
1025 2665 1132 2729 graeca
1154 2649 1266 2723 verba,

143 2763 217 2825 quae
231 2745 380 2825 quidem,
393 2745 480 2808 sicut
493 2745 537 2807 M.
554 2745 687 2808 Tullius
700 2746 736 2808 in
748 2747 990 2827 philosophicis
1006 2747 1153 2829 scriptis,
1166 2748 1268 2811 latine

143 2843 325 2906 transferre
341 2861 573 2923 saepenumero
590 2847 764 2908 conaturf.

182 2943 233 3005 De
251 2944 468 3009 Quintiliano
483 2945 596 3006 autem
611 2942 772 3006 Causeret
792 2943 911 3006 merito
926 2943 1012 3007 dixit
1029 2962 1036 3005 :
1053 2968 1065 3000 ι
1083 2943 1269 3017 Quintilian

145 3039 326 3119 n’eprouva
344 3057 404 3118 pas
427 3041 476 3102 les
496 3041 624 3104 memes
645 3041 819 3122 scrupulos
840 3040 917 3122 (que
939 3040 1110 3123 Ciceron);
1133 3042 1159 3105 il
1181 3044 1271 3106 n’eut

143 3151 203 3213 pas
222 3134 254 3194 la
273 3134 380 3196 meme
398 3134 492 3197 fierte
508 3135 689 3198 nationale
706 3136 771 3198 Les
787 3137 875 3198 mots
892 3137 1076 3217 ἐτυμολογία,
1095 3137 1269 3221 ἀλληγορία,

145 3233 313 3313 cereatum,
340 3234 372 3294 et
398 3233 552 3295 combien
577 3233 749 3296 d'autresf
773 3234 954 3297 arrttaient
979 3233 1137 3311 ciceron,
1166 3237 1198 3298 et
1223 3235 1271 3298 lui

145 3329 345 3392 semblaient
365 3331 433 3392 etre
453 3331 552 3393 d'une
573 3332 763 3394 traduction
784 3333 1065 3396 embarrassante.
1083 3332 1269 3406 Quintilian

147 3445 188 3490 ne
206 3445 241 3490 se
262 3429 372 3491 donne
393 3429 502 3491 meme
523 3447 582 3509 pas
600 3431 633 3492 la
650 3430 748 3510 peine
766 3432 806 3492 de
824 3430 873 3492 les
891 3432 1059 3506 traduire3
1075 3434 1119 3505 et,
1138 3449 1219 3495 sans
1234 3449 1269 3495 se

145 3527 277 3588 soncier
299 3527 338 3589 de
361 3528 474 3590 savoir
495 3528 524 3589 si
545 3529 590 3590 tel
615 3546 657 3590 ou
681 3529 726 3590 tel
749 3532 818 3590 mot
842 3529 925 3591 latin
948 3529 1110 3609 equivaut
1130 3531 1208 3610 plus
1230 3547 1271 3593 ou

146 3625 257 3685 moins
285 3629 495 3688 exactement
519 3627 537 3687 a
564 3627 693 3688 chacun
719 3629 758 3688 de
785 3644 838 3688 ces
863 3630 966 3702 mols,
994 3628 1018 3688 il
1040 3629 1271 3709 leslpanscril

145 3726 324 3802 purement
345 3726 376 3786 et
398 3725 614 3804 simplement
635 3743 676 3787 en
699 3728 921 3802 clamabam,
945 3731 1132 3802 allecoria,
1157 3743 1271 3803 synec-

146 3825 259 3890 doche,
282 3823 359 3883 etc.⁶
428 3846 438 3877 »

181 4007 207 4061 l.
239 4008 332 4075 Suet,
362 4009 436 4072 Tio,
467 4010 510 4064 7l.
531 4040 564 4048 -
584 4009 611 4064 2.
641 4009 732 4073 lbid,
755 4009 800 4064 21.
826 4041 858 4049 —
885 4011 912 4066 3.
942 4011 1024 4067 Suet.
1050 4011 1170 4079 Claud„
1189 4012 1217 4068 4.
1236 4041 1268 4053 -

145 4092 171 4146 4.
195 4093 320 4160 Goelzer,
342 4093 446 4149 Latin.
469 4098 507 4149 dc
530 4097 559 4149 S.
575 4094 715 4159 Jerome,
738 4113 766 4167 p.
789 4097 852 4151 233.
880 4130 913 4136 -
938 4099 965 4152 5.
990 4098 1057 4154 Lib.
1074 4098 1110 4164 V,
1127 4099 1213 4170 praef.
1236 4128 1270 4140 -

146 4179 173 4233 6.
194 4180 353 4246 Causeret,
378 4182 420 4233 La
447 4182 564 4247 conque
588 4184 625 4235 de
647 4183 677 4235 lo
697 4183 774 4236 rhet.
802 4185 884 4236 dans
909 4183 1055 4249 ciceron,
1077 4200 1106 4255 p.
1130 4184 1195 4241 209.
