2828 4808
654 364 793 428 -9..

149 502 269 565 lumna
289 489 446 564 Herculis
467 501 529 582 περὶ
544 499 636 578 δόξης.
654 499 767 563 XXII.
784 501 827 575 δὶς
845 501 946 574 παῖδες
965 501 990 563 οἱ
1004 504 1135 582 γέροντες
1154 517 1188 562 u.
1206 498 1273 580 dgl.

153 612 202 664 m.
213 605 236 663 ¹.
258 623 269 656 r
562 632 564 636 ⁸
1016 609 1019 614 “
1201 613 1203 618 ·

196 699 291 762 Η111
305 715 490 780 graecorum
504 697 685 761 verborum
701 696 943 759 abundantiam
959 697 995 759 in
1009 698 1152 759 Saturis
1167 696 1278 758 Lucili

153 799 189 860 et
202 796 338 860 Terenti
351 795 516 859 Varronis
535 794 648 858 inesse
668 811 735 857 non
754 794 989 870 admirabitur,
1006 794 1064 874 qui
1085 785 1278 856 meminerit

155 913 214 959 eas
229 896 361 957 saturas
376 910 530 957 sermone
541 892 751 956 eruditorum
762 893 816 955 vel
828 892 1036 955 urbanorum
1046 891 1279 954 Romanorum

154 1010 237 1056 usas
251 1009 338 1068 esse,
354 1008 440 1071 quos
454 1007 559 1071 graece
574 990 668 1070 loqui
684 992 815 1053 constat
830 1007 905 1053 esse
921 990 1051 1054 solitos.

188 1093 497 1183 ,Logistoricoram
518 1089 620 1152 etiam
644 1088 680 1150 in
705 1088 901 1169 fragmentis
927 1106 1002 1168 quae
1025 1089 1169 1163 exstant,
1188 1086 1281 1150 inve·

155 1189 297 1252 niuntur
312 1188 439 1268 aliquot
462 1204 568 1268 graeca
583 1186 747 1250 vocabula
767 1186 871 1250 veluti
888 1235 895 1250 .
913 1188 927 1249 t
948 1188 1039 1262 πολὺς
1058 1187 1197 1269 ἅκρατοςς
1218 1189 1278 1248 κώ-

155 1290 259 1352 rator&

196 1386 247 1449 De
262 1384 387 1466 quibus
401 1385 498 1447 libris
515 1384 611 1447 facile
625 1384 882 1447 excusationem
897 1383 1069 1447 inveneris
1084 1402 1091 1445 :

196 1482 342 1547 Romani
359 1482 451 1545 enim
468 1481 527 1561 qui
546 1498 660 1544 rerum
675 1483 845 1561 gestarum
860 1481 974 1563 populi
991 1481 1136 1545 Romani
1152 1497 1280 1544 memo·

156 1581 242 1644 riam
266 1597 401 1643 servare
425 1582 457 1643 11
477 1579 608 1643 tradere
631 1579 827 1655 voluerunt,
851 1580 875 1641 ii
895 1579 1039 1660 patriam
1059 1579 1209 1658 linguam
1232 1578 1279 1640 ita

155 1681 354 1759 spreverunt
369 1679 407 1741 ut
422 1695 526 1758 graece
541 1678 679 1740 omnino
695 1677 891 1742 scriberent.
913 1677 965 1739 Ex
979 1677 1104 1757 quibus
1119 1676 1279 1758 praecipui

155 1774 249 1836 fuere
270 1771 309 1844 Q.
332 1772 461 1835 Fabius
481 1771 611 1846 Pictor,
636 1772 674 1834 L.
697 1770 835 1834 Cincius
857 1771 1061 1846 Alimentus,
1088 1772 1188 1850 homo
1210 1771 1280 1851 ple-

155 1871 265 1946 beius,
287 1869 323 1933 C.
347 1869 489 1944 Acilius,
515 1870 548 1939 et
571 1868 681 1931 Aulus
703 1868 902 1932 Postumius
921 1869 1079 1945 Albinus,
1100 1868 1145 1931 M.
1166 1867 1280 1930 Porcii

156 1968 293 2032 Catonis
319 1968 476 2048 aequales.
500 1967 642 2030 Latinus
665 1984 777 2030 sermo
803 1966 847 2029 iis
870 1966 1090 2048 scriptoribus
1117 1984 1184 2030 non
1210 1967 1280 2029 tam

156 2066 251 2129 dives
271 2068 303 2128 et
326 2065 450 2128 nobilis
472 2064 665 2139 videbatur,
688 2064 742 2126 cui
765 2068 1070 2146 rerumgestarum
1094 2063 1208 2145 populi
1230 2081 1282 2126 ro-

156 2164 249 2227 mani
269 2164 468 2227 memoriam
491 2163 749 2226 committerent.
771 2163 872 2226 Forte
893 2164 995 2226 etiam
1017 2162 1145 2243 aliquot
1164 2180 1206 2225 ex
1226 2162 1282 2223 bis

155 2263 344 2326 timuerunt
364 2280 418 2338 ne,
436 2262 540 2325 latine
561 2261 758 2337 scribentes,
779 2262 990 2324 multitudini
1010 2262 1103 2323 illam
1125 2260 1280 2323 notitiam

154 2361 334 2442 proderent
353 2378 427 2441 quae
445 2359 580 2441 propria
593 2361 727 2440 patrum
742 2362 825 2436 erat,
841 2377 925 2424 neve
940 2358 1002 2422 hac
1015 2359 1110 2423 fieret
1122 2357 1281 2422 audacior

155 2461 189 2524 et
203 2458 332 2522 firmior
346 2458 473 2539 plebes.

201 2556 332 2641 Ἱστορίαι
351 2558 418 2621 illae
438 2575 518 2621 mox
536 2558 706 2621 translatae
724 2575 766 2621 ex
785 2575 891 2638 graeco
911 2558 946 2620 in
966 2558 1110 2621 latinum
1130 2556 1280 2618 luerunt.

155 2657 294 2720 Primus
312 2659 425 2720 autern
444 2656 502 2736 qui
518 2657 663 2719 externae
677 2656 800 2736 linguae
818 2656 1007 2736 rejiciendae
1023 2657 1141 2718 auctor
1156 2654 1231 2729 fuit,
1249 2655 1280 2716 et

155 2773 303 2819 romanae
324 2755 448 2836 linguae
475 2754 624 2817 conlisus
646 2755 714 2828 est,
739 2753 782 2816 M.
807 2753 948 2816 Porcius
974 2753 1068 2816 Cato.¹
1092 2755 1278 2830 Originum

155 2852 207 2916 illi
233 2855 361 2933 septem
390 2852 468 2915 libri
495 2869 581 2931 quos
607 2868 712 2914 senex
740 2852 887 2915 scribere
917 2851 1064 2915 instituit
1089 2853 1169 2914 sunt
1196 2849 1281 2912 anti-

156 2950 363 3032 quissimum
378 2949 561 3013 latinarum
574 2949 792 3012 historiarum
803 2952 1073 3013 monumentum.
1083 2949 1156 3021 Ouo
1170 2965 1281 3011 exem-

155 3049 212 3129 plo
236 3065 255 3111 a
276 3065 312 3111 se
338 3048 415 3111 dato
438 3047 547 3110 bostis
573 3047 629 3111 ille
654 3064 837 3127 graecarum
863 3047 1082 3110 scientiarum
1109 3045 1279 3126 singulare

155 3145 359 3210 beneficium
387 3146 423 3208 11
451 3162 609 3208 romanas
637 3145 767 3209 litteras
796 3147 952 3209 contulit.
982 3147 1138 3227 Magnam
1166 3146 1280 3206 tamen

155 3244 260 3325 hujus
280 3245 512 3307 auctoritatem
528 3261 595 3307 non
615 3245 721 3306 secuti
740 3242 819 3307 sunt
839 3262 956 3307 omnes
973 3245 1043 3324 qui,
1059 3243 1183 3306 Catone
1203 3241 1280 3303 vivo

155 3343 211 3406 vel
226 3345 370 3417 mortuo,
384 3343 543 3405 historias
558 3359 715 3405 romanas
728 3346 990 3423 composuerunt
1004 3361 1011 3404 :
1027 3342 1172 3422 aequales
1187 3339 1279 3402 enim

156 3441 253 3503 erant
274 3438 411 3502 Catonis
437 3441 470 3502 et
496 3438 532 3502 C.
556 3439 688 3501 Acilius
713 3442 745 3503 at
771 3441 811 3502 A.
839 3440 1037 3503 Postumius
1061 3438 1224 3512 Albinus,
1248 3438 1282 3498 et

154 3537 195 3600 Ρ.
213 3537 335 3618 Scipio,
349 3536 388 3600 P.
407 3536 558 3600 Africani
571 3537 693 3617 prioris
708 3536 830 3613 Filius,
845 3538 903 3617 qui
921 3555 1039 3600 omnes
1055 3553 1159 3616 graece
1178 3534 1280 3614 scrip-

156 3637 285 3698 serunt.
313 3635 361 3697 At·
383 3637 497 3698 contra
523 3633 663 3696 Cassius
688 3634 834 3697 Hemina
856 3638 888 3698 et
909 3635 948 3697 L.
972 3634 1176 3716 Calpurnius
1197 3631 1278 3693 Piso

154 3733 271 3813 Frugi,
287 3734 320 3796 et
338 3732 465 3795 Fabius
481 3732 651 3795 Maximus
666 3732 876 3795 Seruilianus
891 3733 1028 3796 Catonis
1043 3731 1195 3810 vestigiis
1210 3731 1281 3792 ins·

154 3831 315 3905 titerunt;
330 3848 433 3905 1111,
449 3848 553 3910 puero
569 3830 741 3906 Cicerone,
757 3831 819 3894 Cn.
835 3831 993 3894 Aufidius
1008 3847 1131 3912 graecas
1146 3845 1280 3907 compo-

156 3928 257 3992 nebat
275 3928 446 3992 historias.
467 3928 644 3991 Cornelius
664 3928 788 4010 Nepos,
811 3929 982 3992 Ciceronis
1000 3928 1151 4009 aequalis,
1172 3942 1278 4007 graeca

155 4027 497 4090 verbatantummodo
506 4028 546 4089 de
555 4027 783 4108 graecisrebus
794 4032 944 4110 usurpat,
953 4045 1060 4109 neque
1069 4044 1108 4090 ea
1117 4025 1278 4105 plurima:

193 4242 220 4300 l.
239 4241 339 4312 Klotz,
358 4240 523 4311 1118111,
539 4258 570 4315 p.
586 4241 649 4300 135.
