2828 4808
584 253 787 362 ’-39-

142 419 290 512 ςίςηθτέ,
311 417 496 496 alterumve
516 432 719 513 adjectivum
738 421 953 512 proponendo
973 418 1265 512 praeverbium'tc,

143 533 201 593 aut
221 548 263 593 ex
281 530 408 593 verbali
429 531 537 594 torma
555 530 818 606 substantivum,
841 532 899 592 aut
919 549 961 593 ex
981 530 1193 593 substantivo
1213 531 1269 592 ad-

137 630 315 710 jectivum,
336 631 393 703 aut
409 647 450 693 ex
472 630 604 710 proprio
627 630 763 693 nomine
783 629 1054 692 translationem.
1072 628 1153 701 Quae
1168 631 1267 704 dicta,

144 745 220 806 quae
249 727 408 808 figurae‘a
435 727 677 808 posterioribus
709 727 824 789 statim
850 725 1071 807 scriptoribus
1094 727 1130 788 in
1158 727 1268 790 lucem

146 826 236 889 edita
254 829 344 901 sunt,
366 829 398 889 et
415 832 609 906 quanquam
628 827 706 888 ficta
725 844 831 906 nuper
850 826 952 887 fidem
970 825 1136 901 habuere·
1147 826 1269 906 quippe

142 941 219 1004 quae
241 925 348 1005 patrio
373 923 464 987 fonte
492 925 649 1008 caderent
674 926 706 986 et
733 924 774 985 ad
798 940 981 1004 graecorum
1011 923 1269 987 similitudinem

142 1021 242 1102 parce
258 1026 371 1086 essent
385 1024 525 1086 detorta.
543 1022 640 1094 Quod
659 1023 688 1084 si
705 1037 772 1085 non
791 1039 933 1103 graeeam
949 1022 1099 1102 linguam
1119 1039 1271 1102 assump-

143 1122 247 1184 sisset
262 1122 388 1196 Cieern,
403 1125 491 1184 certe
507 1122 656 1183 maxima
671 1121 789 1202 optimi
804 1120 868 1182 viri
885 1122 916 1182 et
931 1117 1110 1182 clarissimi
1129 1120 1271 1199 oratoris

143 1216 328 1282 auctoritas
348 1221 419 1281 erat
439 1220 480 1281 ad
500 1219 783 1281 commendandas
803 1235 907 1280 novas
927 1216 1143 1298 dictioneset
1159 1216 1199 1280 ad
1216 1235 1271 1298 pa-

142 1317 250 1380 trium
272 1333 463 1380 sermonem
481 1317 685 1397 augendum,
702 1333 803 1396 quem
823 1332 941 1378 ornare
962 1317 994 1378 et
1016 1316 1218 1396 locupletare
1234 1334 1270 1379 se

142 1413 470 1478 velle-confirmaret.
627 1425 629 1430 ·

189 1510 299 1587 'neem
320 1529 447 1575 secure.
474 1536 486 1568 ι
517 1507 664 1592 Ἔμετικδν
688 1512 805 1591 agebat
817 1531 826 1586 3
849 1511 962 1590 itaque
987 1513 1020 1573 et
1040 1511 1110 1574 edit
1133 1513 1165 1574 et
1185 1511 1271 1574 bibit

143 1611 236 1684 ἀδεῶς
258 1610 493 1689 etjucunde1.
519 1635 530 1667 ›
553 1609 647 1672 Siout
670 1610 710 1671 ab
736 1611 883 1687 «ἀδεὴς»
906 1609 1013 1671 oritur
1036 1610 1136 1689 ἀδεῶς,
1161 1610 1207 1672 ita
1229 1610 1270 1672 ab

144 1732 156 1764 ι
179 1726 321 1770 securus
340 1732 351 1765 »
369 1725 497 1772 secure.
519 1709 569 1770 Gt.
587 1707 679 1770 Suet.
699 1727 706 1768 ε
726 1731 738 1764 ‹
758 1708 898 1787 Neapoli
914 1708 955 1770 de
972 1710 1065 1770 motu
1082 1707 1270 1770 Galliarum

142 1807 311 1884 cognovit
334 1808 482 1886 adeoque
503 1807 592 1869 lente
615 1808 646 1869 et
666 1824 782 1869 secure
796 1806 893 1894 ‘tulit
915 1808 951 1867 ut
970 1807 1148 1886 gaudentis
1170 1806 1270 1874 eiiam

142 1904 376 1984 suspicionem
392 1904 587 1985 praeberet2.
615 1929 626 1961 ι

139 2020 142 2027 ·
183 2001 337 2083 ’Έντεχνος
356 2003 551 2064 artificialis.
572 2027 583 2058 ‹
607 2002 734 2075 Cetera,
756 2019 830 2080 quae
854 2003 932 2063 sunt
955 2019 974 2062 a
994 2019 1046 2064 me
1066 2001 1100 2063 in
1122 2002 1270 2064 secundo

140 2100 230 2162 libro
245 2102 285 2162 de
302 2102 431 2162 oratore
446 2118 504 2180 per
517 2101 656 2162 Antonii
673 2116 850 2179 personam
866 2099 1035 2178 disputata
1050 2101 1090 2161 de
1106 2099 1269 2173 ridiculis

140 2201 260 2280 ἔντεχνα
280 2201 312 2260 et
332 2199 478 2278 argutai.
500 2223 511 2255 ›
534 2199 584 2259 Ex
607 2223 618 2254 α
639 2197 760 2260 artifex
780 2222 790 2253 r
812 2197 946 2259 ducitur
964 2197 1160 2270 artificialis,
1181 2197 1271 2276 quod
1342 2237 1344 2241 -

141 2296 347 2376 adjectivum
365 2297 454 2376 apud
472 2295 720 2367 Quintilianum
741 2297 792 2357 est
810 2319 821 2350 v
841 2294 1013 2357 artificiale
1028 2312 1138 2376 genus
1155 2294 1272 2375 proba-

141 2395 248 2457 tionis
269 2419 294 2469 ι,
312 2394 346 2456 id
362 2398 412 2457 est
428 2397 497 2456 arte
514 2397 684 2466 constane,
701 2394 742 2456 ab
759 2384 828 2456 arte
843 2393 1043 2473 protectum.

190 2491 379 2575 Ἀἲιέρθωτος
401 2493 619 2556 incorrectus.
645 2516 656 2547 ι
682 2492 733 2555 Tu
753 2495 866 2554 autem
889 2492 1063 2554 commode
1087 2491 1218 2566 feceris,
1241 2492 1283 2553 si*
1325 2470 1338 2491 '

142 2591 294 2670 reliquos
303 2579 357 2670 (de
365 2596 513 2654 Finibus
527 2590 645 2671 libros)
656 2591 875 2666 continueris,
886 2608 926 2652 ne
939 2593 971 2652 et
983 2592 1139 2672 ἀδιόρθωτα
1151 2590 1272 2652 habeat

138 2689 284 2764 ‘Balbus
307 2693 337 2752 et
358 2691 438 2752 ἕωλα
459 2689 586 2751 Brutus
599 2688 622 2751 ⁴.
644 2714 655 2745 »
677 2689 727 2750 Cf.
752 2684 762 2750 :²
783 2713 794 2744 ι
818 2689 983 2751 Nolebam
1006 2693 1063 2751 aut
1082 2685 1271 2751 obsoletum

143 2789 250 2850 Bruto
261 2790 319 2849 aut
331 2787 435 2850 Balbo
447 2788 642 2850 inchoatum
655 2788 726 2850 dari
736 2788 761 2849 5.
776 2813 787 2845 ›
800 2787 906 2868 Cujus
918 2784 1010 2849 verbi
1024 2812 1035 2844 ι
1050 2788 1244 2850 inchoatum
1258 2811 1268 2843 ι

143 2903 183 2948 ea
196 2886 248 2946 vis
261 2888 312 2948 est
322 2904 397 2964 quae
410 2887 506 2948 latini
521 2911 532 2943 ι
550 2886 784 2966 imperfectum
801 2910 826 2961 v,
840 2902 906 2947 non
920 2885 1018 2965 graeci
1032 2909 1042 2939 α
1060 2887 1240 2968 ἀδιέρθωτος.
1258 2909 1269 2940 »

143 2984 220 3045 Non
238 2987 351 3045 autem
369 3008 380 3039 v
400 2983 633 3063 imperfectum
653 3008 663 3039 ι
680 2985 738 3046 sed
756 3008 767 3040 ‹
786 2985 955 3066 dtrtptoccv
976 2984 1038 3044 »in
1054 2983 1166 3045 animo
1182 2983 1272 3045 tene·

141 3082 211 3157 bat,
228 3083 390 3161 quoniam
412 3091 508 3145 antea
525 3083 573 3145 sic
593 3083 727 3144 locutus
748 3085 827 3145 erat.
844 3090 858 3138 'a
879 3083 954 3144 Non
974 3082 1054 3145 sane
1075 3083 1179 3145 multa
1200 3100 1272 3144 mu·

141 3180 224 3254 tavi,
243 3181 301 3242 sed
321 3183 433 3242 tamen
449 3181 613 3260 quaedam,
635 3205 645 3235 ι
665 3179 774 3252 Quare
793 3198 832 3242 ex
851 3180 1043 3242 vocabulo«
1066 3182 1235 3242 correctus
1258 3203 1269 3236 i

144 3295 272 3340 nevum
293 3278 355 3340 hoc
378 3278 582 3357 adjectivum
605 3302 616 3334 ‹
641 3279 849 3340 incorrectus
870 3303 881 3335 ›
902 3279 963 3340 'cur
982 3295 1048 3340 non
1071 3278 1272 3358 prompserit

144 3377 269 3453 neseio,
297 3394 405 3456 neque
430 3395 510 3440 suos
536 3376 662 3439 Graios
686 3377 837 3439 imitatus
860 3378 904 3439 sii
931 3377 1054 3457 quial)
1078 3400 1097 3433 c
1115 3379 1232 3460 διορθέω
1257 3401 1268 3432 »

101 3525 105 3532 .
144 3475 349 3556 adjectivum
370 3498 381 3530 ‹
401 3475 571 3558 ἀδιέρθωτος
591 3500 602 3532 ›
620 3474 876 3547 duxissent-Cf.
894 3463 991 3537 Ovid.
1011 3493 1017 3535 :

290 3707 380 3762 Nunc
395 3707 596 3763 incorrectum
611 3706 720 3799 populi
732 3705 871 3784 pervenit
886 3705 924 3760 ad
939 3705 1020 3761 orai.

142 4037 145 4044 f
179 4004 205 4059 1.
226 4007 275 4060 Aa
292 4006 365 4071 scr„
380 4005 463 4069 xm,
479 4004 523 4067 ca,
538 4006 563 4058 r.
579 4035 613 4041 -
628 4003 654 4057 a.
671 4003 758 4068 ver„
774 4001 818 4056 40.
831 4033 865 4039 -
879 4001 905 4056 3.
923 4003 973 4055 *lc
986 4003 1088 4066 Fam„
1103 4002 1167 4068 vn,
1181 4001 1226 4067 ea,
1241 4000 1267 4055 a.

143 4090 220 4144 -4,
243 4091 294 4144 aa
309 4092 384 4155 acc,
401 4090 483 4154 xm,
499 4090 549 4155 ar,
565 4090 591 4143 4.
610 4120 644 4126 -
657 4088 683 4142 5.
709 4086 991 4153 rua.,x111,aa‚e.
1014 4119 1048 4125 -
1067 4087 1093 4166 e.
1122 4085 1226 4154 runc,
1241 4087 1268 4154 3,

146 4175 251 4240 reae.
686 4198 750 4221 i·
997 4204 1014 4212 -,
1126 4203 1172 4222 -.
1259 4206 1262 4210 A
