2828 4808
599 359 739 396 -J-

99 472 218 548 verba,
235 471 327 536 velut
348 471 445 534 haeo·
462 473 545 554 γρῦῖ,
563 473 663 552 μὰτδν
683 470 754 536 ’obn
755 472 851 548 λλωθ,
869 468 961 553 εὖγεθ,
978 473 1047 558 &top
1050 473 1098 550 8¹,
1114 479 1227 559 χάριςῦ,

96 572 202 653 alpad,
219 571 280 633 eto.

144 667 202 730 Sat
189 670 343 730 turarum
366 667 546 748 scriptores
570 667 723 731 Lucilius
750 671 782 731 et
806 667 913 731 Varro
938 686 1046 750 graeca
1065 671 1199 734 verba'
1190 690 1226 734 m

99 783 296 829 sermonem
312 783 412 828 suum
427 765 682 830 inculcaverunt
698 785 705 828 :
722 766 812 829 idern
827 765 981 829 Lucilius
996 784 1015 828 a
1030 785 1095 847 quo
1112 768 1228 831 irride-

97 861 202 925 batur
223 861 261 924 T.
286 860 451 924 Albucius
474 861 794 942 pseudo-graeculuS,
820 860 956 941 scripsit
979 861 1087 942 plura,
1111 863 1227 942 graecis
1351 846 1357 858 ’

97 959 242 1023 verbis«
262 959 523 1023 vermiculata.»
668 1028 670 1033 ,
837 1020 839 1025 ,

142 1058 177 1122 Si
193 1059 285 1121 locos
303 1058 475 1137 exceperis
491 1057 525 1119 in
541 1057 666 1136 quibus
680 1057 833 1120 Lucilius
848 1074 1032 1138 graecorum
1052 1061 1225 1138 poetarum

96 1156 255 1220 carmina
273 1155 421 1237 profert¹
442 1155 493 1218 vel
519 1157 766 1218 commentatur
780 1154 805 1231 ⁸,
826 1157 859 1218 et
881 1173 939 1218 eos
959 1155 1137 1236 inquibus
1157 1157 1226 1220 ins-

96 1255 201 1317 tituta
226 1271 380 1317 moresve
409 1253 604 1317 Graecorum
629 1253 775 1334 propriis
804 1253 1001 1316 nominibus
1026 1254 1184 1334 exprimit
1199 1255 1223 1332 ¹,

97 1353 257 1416 nonnulli
280 1352 346 1415 loci
372 1352 470 1433 graeci
495 1353 677 1432 supersunt
700 1351 736 1413 in
760 1352 886 1430 quibus
909 1353 1000 1415 nulla
1024 1353 1224 1417 necessitate

97 1451 244 1530 scriptor
258 1467 418 1512 romanus
433 1451 568 1512 coactus
585 1450 635 1512 est
650 1449 767 1530 graecis
781 1449 895 1512 verbis
911 1450 959 1512 uti
975 1469 982 1512 :

140 1572 152 1604 «
177 1551 280 1627 Θαῦμα
295 1551 379 1629 μέγα,
393 1547 504 1627 inquit
516 1546 626 1620 balba
641 1564 790 1610 sororem
805 1546 989 1611 Lanificam
1003 1547 1081 1624 dici
1097 1548 1221 1611 siccam

96 1650 199 1727 atque
216 1645 415 1708 abstemium
430 1644 489 1706 ubi
506 1645 643 1707 audit
608 1648 633 1686 ¹⁰

95 1743 234 1816 Quod
254 1743 416 1806 deformis
440 1760 555 1816 senex,
576 1744 736 1827 ἀρθριτικὲς
759 1760 796 1805 ac
820 1744 1028 1825 podagrosus
1048 1747 1110 1821 est,
1133 1746 1223 1856 quod
1255 1775 1260 1785 ·

94 1859 238 1906 mancus
258 1859 449 1922 macerque,
467 1841 578 1916 exilis,
594 1841 902 1923 ramicemagn011.
922 1867 933 1898 ι

135 1942 214 2004 Non
228 1943 342 2003 autem
361 1940 409 2002 ita
428 1940 621 2020 frequentes
636 1943 716 2003 sunt
733 1958 848 2021 graecae
868 1958 967 2004 voces
983 1940 1017 2002 in
1032 1940 1137 2004 latino
1156 1941 1223 2003 Lu-

92 2040 164 2102 cilii
180 2055 336 2101 sermone
357 2038 422 2101 ut
413 2057 444 2105 rs
460 2040 575 2101 auctor
592 2038 773 2101 crediderit
788 2055 824 2101 se
840 2039 956 2103 eadem
977 2038 1222 2119 vituperatione

91 2139 236 2220 dignum
259 2153 333 2199 esse
354 2137 454 2216 atque
473 2136 512 2198 T.
530 2136 706 2199 Albucius.
723 2128 818 2198 Tunc
837 2137 940 2217 igitur
959 2136 1081 2199 licebat
1103 2137 1221 2217 graecis

91 2237 156 2313 uti,
173 2253 243 2299 non
257 2235 379 2299 licebat
394 2235 499 2298 abuti.

135 2359 147 2392 ι
174 2333 236 2396 Bei
255 2333 408 2395 Lucilius
430 2350 505 2413 mag
527 2350 604 2395 man
626 2333 807 2396 immerhin
828 2334 888 2396 das
904 2332 1128 2396 Verhaeltniss
1148 2333 1221 2396 her·

90 2432 275 2506 vorheben,
293 2433 372 2493 dass
388 2449 423 2493 er
436 2431 529 2493 nicht
543 2431 636 2494 bloss
652 2431 707 2494 fiir
722 2429 859 2494 Roemer
872 2431 943 2493 und
957 2431 1126 2505 Lateiner,
1144 2449 1220 2495 son·
1301 2475 1303 2480 ‡

91 2532 175 2594 dern
190 2529 274 2592 auch
286 2529 596 2611 fiirHalbgriechen
610 2530 787 2592 schreiben
797 2530 922 2604 wollte,
935 2530 1021 2592 auch
1032 2530 1087 2593 fiir
1097 2530 1220 2593 Taren-

89 2629 193 2704 tiner,
209 2626 434 2691 Consentiner
453 2628 523 2690 und
537 2626 681 2702 Sicilier,
699 2629 752 2690 die
767 2646 827 2690 zur
840 2627 914 2691 Zeit
930 2627 1034 2691 selbst
1049 2633 1220 2706 ellinpues

90 2744 222 2802 waren,
246 2727 312 2791 wie
335 2727 407 2789 dies
422 2727 634 2806 Wesenberg
655 2726 710 2789 bei
731 2726 867 2807 Madvig
890 2728 931 2789 ad
951 2730 1018 2790 Cic.
1040 2731 1115 2802 tin,
1137 2728 1164 2803 I,
1186 2729 1216 2802 3,

88 2844 122 2906 p.
140 2826 193 2900 20,
209 2825 260 2888 ed.
276 2824 332 2888 alt.
350 2824 395 2905 (p.
410 2825 460 2900 19,
477 2825 528 2888 ed.
543 2824 607 2904 pr.)
623 2824 873 2888 hervorhebt12.
901 2848 913 2881 »

131 2922 198 2985 Sed
212 2939 331 2985 rursus
345 2923 418 3003 ipse
434 2923 475 2986 ab
491 2922 631 2985 Horatio
648 2923 872 3003 reprehensus
888 2925 938 2989 est
955 2942 963 2984 :

201 3105 215 3136 «
232 3117 266 3126 -
280 3085 321 3140 At
335 3099 483 3156 magnum
499 3085 568 3141 fecit
584 3085 668 3157 quod
681 3085 784 3142 verbis
800 3101 898 3158 graeca
912 3085 1018 3142 latinis

200 3168 335 3226 Miscuit.
351 3198 385 3212 -
402 3169 427 3226 O
442 3170 501 3225 seri
516 3169 706 3226 studiorum!
724 3172 817 3242 quine
831 3171 944 3244 putetis
961 3184 964 3189 ·

199 3254 330 3311 Difficile
346 3259 375 3310 et
389 3255 512 3323 mirum,
529 3254 649 3312 Rhodio
665 3255 748 3326 quod
762 3255 950 3312 Pitholeonti

198 3339 355 3411 Contigit?
366 3370 402 3380 -
416 3341 456 3396 At
472 3356 570 3396 sermo
585 3340 693 3413 lingua
705 3341 876 3397 concinnus
890 3345 1020 3414 utraque

200 3425 342 3492 Suavior,
357 3427 392 3481 ut
404 3425 481 3481 Chio
498 3429 570 3482 nota
585 3426 611 3482 si
626 3426 793 3482 commixta
808 3427 931 3483 Falerni
946 3431 1002 3483 est.

124 3619 152 3674 1.
175 3616 376 3674 Mostellaria
395 3617 453 3690 (ed.
472 3617 605 3688 Lorenz;
625 3618 739 3687 Berlin,
758 3618 850 3692 1876),
865 3619 928 3676 594.
944 3649 979 3661 -
998 3620 1025 3675 9.
1045 3619 1135 3685 ibid,
1151 3619 1214 3676 973.

84 3735 122 3745 -—
133 3702 161 3760 3.
179 3702 258 3760 Ibid.
273 3703 336 3760 960.
351 3705 396 3760 Cf.
413 3705 647 3773 Tuchhaendler,
661 3709 699 3761 de
717 3705 882 3762 vocubulis
895 3705 1014 3763 Groecis
1028 3705 1064 3761 in
1079 3707 1215 3775 lucinam

87 3787 242 3858 linquam
262 3789 441 3844 translatis
463 3789 577 3858 Berlin,
598 3791 679 3856 1876,
694 3791 730 3846 61
751 3806 853 3862 pages.
869 3820 906 3830 -
918 3791 945 3845 4.
967 3791 1215 3859 Poen.‚130a-

83 3875 113 3930 5.
137 3875 202 3939 Pa,
219 3873 280 3929 712.
304 3905 339 3926 .-
358 3875 384 3930 6.
407 3874 504 3944 Oapl„
524 3877 587 3932 881.
613 3876 657 3930 Cf.
687 3873 803 3932 Arellio
827 3877 887 3945 fiir
908 3877 975 3931 Lol.
999 3875 1109 3942 Lecto,
1132 3877 1213 3944 1893,

87 3975 119 4031 p.
141 3957 204 4014 339,
222 3988 256 3996 -
271 3958 296 4011 7.
319 3958 410 4013 Liber
433 3959 478 4024 18,
500 3960 610 4031 fragm.
625 3961 677 4026 lX,
695 3976 724 4031 p.
745 3959 808 4016 105.
824 3990 859 4003 -
873 3960 900 4015 8.
918 3961 1010 4016 Liber
1028 3963 1072 4027 17,
1095 3962 1172 4032 frag.
1189 3962 1213 4027 l,

79 4061 117 4116 .p.
132 4043 178 4098 71.
190 4043 261 4098 -9.
276 4042 368 4099 Liber
381 4045 408 4112 8,
423 4045 534 4116 fragm.
550 4046 601 4115 lV,
616 4062 645 4117 p.
661 4045 713 4114 13;
730 4044 864 4112 liber-12,
880 4047 990 4118 fragm.
1006 4048 1056 4114 Vl,
1073 4064 1103 4118 p.
1118 4048 1163 4102 59.
1180 4079 1214 4086 -

84 4129 132 4187 10.
152 4127 243 4183 Liber
256 4127 284 4195 6,
305 4128 415 4200 fragm.
432 4130 469 4194 V,
488 4147 517 4202 p.
538 4130 585 4186 31.
599 4161 631 4169 -
648 4131 692 4185 11.
709 4130 800 4186 Liber
818 4132 850 4198 9,
866 4131 975 4203 fragm.
996 4133 1103 4198 XLIV,
1118 4149 1148 4204 p.
1166 4131 1211 4189 53.

87 4246 124 4256 —
143 4212 189 4270 12.
208 4213 308 4281 Klotz,
325 4216 392 4271 Lat.
410 4213 493 4285 alil,
507 4233 536 4288 p.
558 4215 619 4273 135.
641 4214 836 4286 Philolopus.
854 4217 941 4272 Band
959 4218 1005 4287 32,
1019 4234 1070 4292 pp.
1083 4217 1211 4276 691-697.
