2828 4808
515 862 887 950 CONCLUSIO

181 1496 393 1567 Quibusnam
422 1495 606 1558 virtutibus
636 1497 826 1558 sermonem
855 1496 1026 1560 Ciceronis
1052 1515 1090 1560 ac
1117 1503 1257 1562 mentem

141 1611 326 1674 graecorum
348 1594 528 1656 verborum
552 1594 693 1657 scientia
715 1597 748 1657 11
769 1596 942 1675 usurpatio
965 1596 1142 1659 donaverit
1165 1599 1194 1659 si
1216 1617 1259 1661 re·

141 1694 274 1771 quirere
291 1692 374 1754 veiis
390 1694 422 1754 et
436 1692 607 1770 colligere,
624 1692 788 1772 plurimas
804 1699 835 1756 et
851 1712 907 1756 eas
923 1695 1105 1774 aliquando
1121 1697 1259 1758 eximias

140 1787 176 1848 in
198 1786 349 1867 epistolis
371 1786 536 1849 invenies
1051 1786 1054 1792 ’

181 1886 397 1960 Omittamus
420 1888 529 1960 sodes
547 1885 635 1948 sales
657 1886 734 1948 illos
755 1888 786 1948 et
805 1887 881 1948 illas
899 1889 1047 1967 argutias
1066 1890 1193 1968 quibus
1211 1909 1260 1953 res

141 1987 172 2046 11
192 1985 347 2047 homines
367 1985 494 2055 irridet„
514 2001 706 2071 quanquam
726 1984 756 2045 is
773 1986 824 2046 est
844 1985 878 2045 in
899 1985 1051 2064 epistolis
1066 1989 1164 2066 quasi
1182 1988 1261 2050 hila·

140 2079 249 2141 ritatis
275 2079 418 2141 festivus
445 2079 576 2151 radius,
604 2095 798 2157 quanquam
828 2083 860 2140 et
888 2095 950 2141 nos
979 2079 1068 2141 Galli
1094 2081 1261 2145 irrisionis

140 2176 234 2238 illius
254 2178 294 2238 de
312 2194 446 2256 quaque
466 2194 500 2239 re
520 2176 698 2256 participes
717 2194 847 2238 sumus
867 2176 1007 2247 Quoties
1024 2182 1137 2241 autem
1153 2181 1262 2243 1111111-
1307 2225 1310 2228 «

141 2292 201 2336 sus
221 2276 357 2337 unimus
377 2292 495 2355 aspera
514 2276 660 2353 quadam
680 2275 728 2336 ira
749 2274 800 2337 vel
821 2276 984 2338 exultanti
1002 2279 1124 2356 gaudio
1144 2279 1260 2354 fervet,

141 2375 241 2436 toties
270 2376 311 2436 ad
339 2375 441 2436 robur
469 2373 698 2436 adhibendum
725 2391 830 2453 graeca
856 2376 983 2453 passim
1013 2376 1177 2439 vocabula
1203 2379 1263 2441 111-

140 2473 278 2553 quentia
292 2474 460 2548 advolant,
479 2475 511 2535 et
525 2490 631 2552 genus
646 2473 778 2535 dicendi
794 2490 860 2535 non
875 2475 1111 2538 vehementius
1126 2478 1262 2556 quidem

141 2572 292 2652 epistolis
315 2573 441 2638 addunt
464 2589 565 2651 quam.
588 2573 678 2651 quod
703 2573 738 2633 iu
763 2572 973 2635 orationihus
997 2574 1178 2650 miramur,
1206 2576 1261 2638 sed

140 2690 246 2752 genus
267 2689 334 2733 non
358 2673 474 2734 eodem
496 2672 593 2733 modo
617 2671 800 2734 vehemens
822 2689 829 2732 τ
853 2672 889 2733 in
910 2672 964 2733 his
986 2673 1077 2735 enim
1098 2674 1213 2736 fusum
1233 2678 1262 2738 et

140 2770 310 2849 profluens
324 2769 463 2848 aliquid
477 2769 682 2850 completum
694 2772 726 2832 11
739 2770 947 2844 conclusum,
962 2772 1182 2851 amplissimae
1196 2793 1263 2837 ver·

139 2869 260 2930 borum
277 2868 609 2948 comprehensiones
625 2867 787 2931 Romanae
808 2868 1109 2953 grandiloquentiae
1124 2871 1263 2952 impera-

140 2967 226 3029 toria
245 2967 303 3028 illa
323 2967 488 3046 gravitas3
510 2967 545 3028 in
565 2966 634 3028 illis
654 2968 778 3039 autern,
798 2984 872 3046 quae
893 2968 1009 3047 graecis
1034 2968 1148 3031 verbis
1170 2989 1262 3033 cons-

139 3067 335 3144 perguntur,
356 3064 502 3126 incisum
523 3065 650 3144 aliquid
673 3067 704 3127 et
726 3064 886 3139 fractum,
911 3068 1102 3129 contortum
1122 3071 1154 3131 et
1177 3087 1260 3143 acre,

140 3163 257 3225 viriles
276 3154 373 3224 'nervi
398 3165 430 3225 et
453 3181 571 3237 sucus,
595 3164 707 3225 carnis
732 3164 861 3237 minus,
885 3165 962 3244 plus
984 3164 1198 3229 lacertorum.
1225 3169 1261 3229 11

65 3261 68 3264 ’
141 3260 312 3343 Ciceronis
337 3262 496 3330 utromodo
522 3265 727 3323 commotum
755 3254 1262 3348 111111111111111φ111111111

142 3376 249 3438 graeca
267 3359 382 3439 lingua
404 3359 530 3421 auxilia
553 3362 585 3422 11
604 3377 720 3422 vocem
743 3363 950 3423 mutuantur.
974 3359 1060 3423 Cum
1082 3362 1156 3442 ejus
1180 3363 1262 3443 cogi-

90 3533 93 3538 „
140 3458 220 3519 tatio
237 3475 290 3519 res
303 3475 420 3519 omnes
436 3458 546 3537 specie
560 3461 592 3519 et
606 3457 713 3536 figura
727 3457 856 3533 induat,
871 3461 907 3521 ut
922 3476 1034 3521 rerum
1051 3459 1179 3524 formas
1193 3464 1262 3525 des-

141 3556 247 3618 cribat
266 3558 298 3618 ct
319 3557 395 3618 ante
417 3556 600 3636 legentium
621 3557 735 3618 oculos
758 3561 935 3636 proponat,
957 3558 985 3620 si
1006 3558 1133 3622 latinus
1154 3578 1262 3623 sermo

141 3671 217 3715 eum
239 3654 361 3728 deficit,
383 3656 424 3716 ad
442 3672 587 3734 graecum
608 3655 721 3717 statim
743 3656 903 3736 confugit.
924 3657 1079 3736 Denique
1096 3676 1263 3739 nusquam

139 3755 209 3813 tam
229 3753 326 3814 acuta
343 3752 529 3815 subtilitate
547 3753 748 3815 sententiam
767 3755 972 3835 exprompsit
988 3758 1020 3816 11
1036 3755 1262 3820 doctrinarum

140 3851 328 3912 reconditas
350 3854 461 3931 partes
485 3851 617 3924 eduxit,
640 3868 742 3930 quam
764 3853 896 3931 quoties
920 3871 1105 3933 graecorum
1128 3856 1262 3936 scripto·

141 3966 217 4009 rum
239 3948 352 4027 lingua
376 3965 458 4009 usus
487 3950 552 4023 cst,
578 3951 616 4012 ut
644 3967 721 4011 eum
748 3967 852 4030 graece
877 3951 1037 4013 subtilius
1062 3953 1261 4033 cogitantem

141 4063 242 4124 quam
263 4045 365 4108 latine
386 4046 578 4108 credideris.

180 4144 239 4208 Ille
264 4144 388 4228 quide
413 4144 572 4209 Cicerone
592 4163 697 4226 graeca
723 4148 885 4210 vocabula
907 4149 1090 4229 usurpante
1115 4149 1258 4225 disserit
