2828 4808
661 287 823 358 ..11-

184 425 318 509 quoties
339 424 375 490 in
397 425 549 490 animum
570 426 671 492 habet
692 431 729 493 ut
751 430 787 492 in
808 428 983 511 publicum
1004 427 1128 508 scripta
1144 421 1200 491 vel
1221 421 1312 491 dicta

183 527 408 608 proterantur.
425 526 526 590 toties
545 527 604 589 aut
622 544 665 590 ex
684 526 894 590 orationibus
913 525 1050 589 omnino
1069 525 1185 589 omnia
1203 544 1313 607 graeca

183 625 287 688 verba
308 624 457 706 expellit,
473 627 529 688 aut
551 624 587 686 in
609 624 778 689 rhetorica
793 627 825 689 ei
847 624 1078 706 philosophica
1097 624 1224 705 scripta
1239 627 1314 687 tan-

183 723 359 785 tummodo
381 740 421 785 ea
440 722 636 786 condicione
655 723 839 787 introducit
858 725 896 786 ut
917 725 1055 786 externa
1072 722 1132 786 illa
1145 723 1314 786 vocabula

182 838 252 883 uno
267 820 321 885 vel
335 820 492 901 pluribus
506 820 626 900 patriis
641 821 755 885 verbis
768 821 932 885 traducat.

223 919 318 981 Idem
334 920 460 991 auctor,
477 935 555 980 cum
574 918 704 982 litteras
725 920 767 983 ad
788 919 973 982 familiares
989 917 1117 995 scribit,
1134 935 1219 999 quas
1241 936 1313 982 non

183 1017 331 1079 edendas
355 1034 430 1083 esse
454 1018 560 1098 putat,
584 1034 709 1098 graecas
732 1035 833 1082 voces
857 1019 1008 1098 usurpat,
1030 1016 1170 1080 ludendi
1193 1034 1312 1080 eausa.

182 1185 274 1258 garde
292 1185 329 1242 de
346 1186 464 1242 donner
479 1189 578 1243 meme
598 1203 661 1242 eux
678 1202 767 1243 nome
785 1202 987 1260 propresune
1005 1189 1153 1243 tournure
1167 1202 1311 1260 grecque.

181 1275 289 1332 Plaute
314 1277 344 1330 et
361 1276 499 1335 ,Terence
521 1275 623 1332 disent
644 1277 772 1346 Scytha,
795 1278 920 1343 Persa,
933 1277 1072 1345 caereo,
1094 1274 1246 1343 Pboaiu,·
1264 1278 1313 1333 les

180 1360 284 1432 poetes
312 1361 485 1432 tragiques,
511 1360 679 1428 Ariadna,
706 1362 840 1429 Hecate,
864 1361 1106 1429 Andromacha,
1134 1359 1311 1430 Antigona,

180 1445 319 1510 Hecuba,
339 1445 476 1511 Helena,
497 1447 576 1501 etc...
599 1446 648 1501 Au
669 1445 763 1501 Senat
784 1449 813 1502 et
831 1444 909 1501 dans
929 1445 960 1500 la
978 1444 1133 1501 redaction
1155 1445 1209 1500 des
1228 1448 1313 1502 actes

180 1528 322 1598 officiels,
344 1544 384 1584 on
407 1528 512 1585 affecte
530 1529 567 1585 de
585 1529 773 1602 n’employer
792 1545 893 1586 aucun
915 1533 1009 1586 terme
1033 1530 1088 1602 qui
1112 1530 1231 1586 nescit
1253 1546 1313 1602 pas

180 1613 291 1668 latin...
308 1612 352 1668 les
369 1613 547 1684 magistrats
565 1615 703 1670 romains
722 1631 759 1670 ne
781 1615 924 1670 devaient
943 1630 1000 1686 pas
1016 1613 1165 1687 repondre
1182 1630 1220 1671 en
1241 1630 1313 1686 grec

181 1713 245 1753 aux
263 1697 356 1752 Grecs
374 1697 430 1769 qui
447 1697 664 1753 s’adressaient
681 1697 699 1754 1
717 1713 786 1767 eux,
803 1701 834 1755 et
848 1698 976 1754 Ciceron
995 1699 1041 1754 fut
1060 1698 1217 1754 vivement
1233 1701 1314 1754 atta-

181 1784 241 1854 111
261 1796 340 1853 pour
363 1781 450 1836 avoir
472 1781 558 1853 parte
578 1797 646 1853 grec
668 1780 746 1837 dans
770 1798 813 1837 un
834 1782 929 1839 Senat
952 1797 1029 1854 grec.
1053 1780 1168 1853 (Vera,
1189 1782 1241 1850 IV,
1262 1783 1312 1854 66,

180 1864 257 1935 117.)
275 1886 288 1916 νν
304 1864 432 1932 Goelzer,
453 1867 497 1920 La
517 1865 746 1922 curiadodae.
765 1866 900 1922 Jdrome.
921 1866 1079 1936 Hachette,
1097 1867 1177 1933 1881,
1197 1883 1228 1939 p.
1244 1867 1311 1922 222.

182 1971 196 2000 a
212 1949 384 2006 Besonders
401 1950 503 2007 hiitete
520 1966 593 2006 man
610 1951 676 2006 sich
694 1951 726 2006 in
743 1950 944 2007 uetientlicher·
958 1950 1040 2007 Rede
1057 1967 1114 2007 vor
1127 1951 1196 2007 dem
1211 1950 1312 2007 Volke

181 2035 368 2107 griechisohe
380 2034 511 2092 chrter
524 2034 742 2105 anzuwenden,
757 2034 821 2091 und
830 2036 934 2091 Cicero
947 2035 1095 2091 erwaehnt
1107 2051 1139 2092 es
1151 2035 1198 2091 als
1211 2039 1312 2092 etwas

181 2119 375 2188 besonderes,
396 2119 469 2174 dass
485 2135 517 2176 er
535 2119 568 2175 in
587 2120 671 2176 einer
690 2119 1034 2192 Senatsversammlung
1049 2117 1092 2175 im
1112 2119 1238 2193 Tempel
1256 2120 1313 2176 der

181 2204 287 2261 Tellus
301 2204 376 2274 sich,
391 2204 438 2261 als
450 2220 482 2260 er
495 2204 554 2261 den
566 2205 716 2261 Griechen
729 2205 960 2261 nachzuahmen
973 2205 1118 2278 empfahl‚
1132 2205 1210 2261 auch
1223 2206 1312 2261 eines

181 2289 391 2362 griechischen
405 2289 585 2346 Audruckes
598 2290 722 2346 bedient
736 2290 815 2347 habe
831 2305 837 2345 :
851 2289 926 2355 Cic,
938 2291 1035 2357 Phil,
1048 2290 1072 2357 Ι,
1086 2290 1154 2357 1,1.
1169 2291 1231 2347 «ln
1246 2306 1312 2363 quo

181 2375 297 2446 templo
310 2374 384 2447 (aede
398 2373 553 2445 Telluris),
569 2375 768 2448 quantumin
783 2384 831 2430 me
845 2375 913 2442 fuit,
928 2374 988 2446 jeci
1003 2375 1205 2431 fundamenta
1222 2376 1311 2448 pacis

182 2459 481 2531 Atheniensiumque
501 2459 649 2516 renovavi
667 2464 757 2516 vetus
773 2459 946 2532 exemplum
965 2476 971 2516 :
988 2475 1120 2532 graecum
1135 2460 1228 2516 etiam
1244 2477 1312 2516 ver·

182 2545 256 2600 bum
276 2545 441 2616 usurpavi,
466 2560 527 2616 quo
548 2548 613 2600 tum
634 2544 667 2599 in
692 2544 837 2600 sedandis
858 2544 1020 2600 discordiis
1039 2561 1098 2600 usa
1116 2549 1180 2601 erat
1198 2545 1312 2602 civitas

182 2629 246 2698 illa,
263 2633 356 2702 atque
373 2637 494 2684 omnem
511 2629 691 2685 memoriam
709 2629 933 2686 discordiarum
950 2629 1107 2686 oblivione
1121 2631 1313 2703 sempiterna

183 2713 345 2770 delendam
364 2714 479 2770 censui.
502 2735 515 2765 ν
538 2714 584 2770 Oh
605 2730 637 2770 er
658 2714 717 2770 den
736 2714 899 2771 Ausdruck
922 2714 1042 2786 ἀμνηστία
1065 2714 1138 2770 oder
1156 2715 1212 2771 das
1235 2717 1314 2788 grie-

182 2798 303 2855 chische
321 2798 355 2872 μὴ
371 2802 524 2873 μνησικακεῖν
544 2799 713 2871 gebraucht
731 2799 821 2866 habe,
837 2799 922 2855 kann
942 2800 1101 2872 ungewiss
1119 2800 1311 2858 erscheinen.

182 2884 224 2940 Er
240 2883 361 2956 glaubte
381 2885 445 2940 sich
465 2886 537 2940 aber
557 2884 633 2941 doch
654 2884 887 2957 entschuldigen
908 2900 945 2939 zu
963 2889 1099 2954 miissen,
1117 2885 1189 2940 dass
1208 2901 1241 2942 er
1260 2886 1313 2942 ein

183 2968 388 3041 griechisches
406 2969 496 3027 Wort
513 2969 680 3041 gebraucht
696 2969 785 3026 habe.
806 2971 863 3025 Die
883 2969 987 3026 aeltern
1005 2970 1126 3026 Roemer
1145 2970 1260 3042 gingen
1276 2972 1313 3027 in

182 3053 282 3108 ihrem
297 3048 381 3108 Eiter
394 3053 444 3108 fiir
458 3053 523 3109 ihre
540 3051 784 3125 Muttersprache
798 3054 928 3110 beinahe
943 3054 1022 3110 noch
1035 3055 1150 3124 welter,
1167 3054 1214 3110 als
1229 3071 1262 3110 es
1277 3055 1313 3111 in

183 3137 284 3194 vielen
305 3137 421 3192 Faellen
440 3136 488 3192 die
508 3137 700 3194 Humanitaet
720 3154 756 3193 zu
776 3137 923 3194 erlauben
943 3137 1060 3205 schien,
1079 3154 1170 3194 wenn
1190 3138 1233 3195 sie
1251 3139 1313 3200 den

183 3221 333 3278 Griechen
354 3237 413 3277 nur
430 3222 463 3277 in
480 3221 676 3283 lateinischer
692 3223 825 3295 Sprache
841 3223 987 3279 Bescheid
1004 3223 1112 3295 gaben.
1130 3222 1198 3279 Vel.
1212 3222 1314 3292 Max„

182 3308 222 3375 ll,
238 3307 265 3376 2,
278 3307 306 3362 2.
322 3328 336 3358 «
351 3307 552 3378 Magistratus
566 3307 660 3380 prisci
675 3312 791 3380 quanto
806 3324 896 3380 opere
908 3324 997 3364 suam
1009 3308 1176 3381 populique
1189 3311 1314 3366 romani

184 3393 375 3464 majestatem
386 3393 550 3448 retinentes
563 3408 595 3448 11
608 3393 759 3465 gesserint
770 3393 842 3449 hinc
855 3393 998 3465 cognosci
1011 3395 1122 3466 potest,
1134 3392 1217 3466 quod
1230 3393 1314 3450 inter

183 3480 282 3532 cetera
302 3477 463 3548 gravitatis
484 3476 598 3532 indicia
619 3476 697 3532 illud
716 3494 839 3551 quoque
857 3493 973 3549 magna
994 3493 1063 3532 cunr
1083 3479 1315 3550 perseverantia

184 3562 407 3630 custodiebant,
424 3579 462 3618 ne
476 3563 591 3619 Graecis
604 3579 742 3636 unquam
758 3564 820 3619 nisi
835 3564 930 3619 latine
947 3579 1095 3636 responsa
1110 3563 1227 3621 darent.
1243 3586 1257 3616 ν)
1272 3566 1291 3622 J
1294 3583 1315 3622 a

185 3646 239 3702 der
256 3647 428 3719 Propraetor
445 3647 557 3703 tadelte
577 3648 691 3717 Cicero,
708 3648 780 3704 dass
799 3664 841 3718 er,
856 3648 902 3703 als
920 3663 952 3703 er
966 3664 1061 3720 gegen
1081 3647 1113 3703 C.
1131 3649 1240 3705 Verres
1257 3651 1315 3706 Be-

183 3731 360 3788 weismittel
380 3749 433 3787 zur
451 3732 591 3805 Anklage
607 3736 645 3788 de
660 3732 811 3804 pecuniis
830 3733 1017 3804 repetundis
1035 3734 1068 3788 in
1087 3733 1212 3790 Sicilien
1231 3750 1315 3791 sam-

183 3815 289 3883 melte,
310 3817 343 3871 in
365 3817 447 3873 einer
471 3817 680 3889 griechischen
701 3817 777 3873 Bule
802 3817 972 3889 griechisch
993 3817 1181 3889 gesprachen
1201 3817 1282 3876 habe
1305 3836 1312 3876 :

184 3902 259 3969 Cic,
274 3903 382 3975 year,
403 3901 455 3969 IV,
477 3903 522 3969 66,
542 3903 605 3972 117,
618 3901 678 3958 ille
695 3902 776 3959 enim
794 3905 885 3974 negat
900 3906 929 3958 et
948 3903 993 3958 ait
1009 3902 1172 3974 indignum
1190 3903 1315 3961 facinus
1345 3893 1353 3919 ²

183 4002 260 4054 esse,
280 3986 363 4059 quod
378 4003 432 4059 ego
451 3987 535 4060 (weil
552 3988 602 4043 ein
620 3989 742 4043 senatur
758 3988 864 4060 populi
882 3988 1013 4058 romani)
1030 3988 1063 4043 in
1084 3991 1193 4043 senatu
1213 4004 1313 4060 graeco

185 4072 280 4127 verba
297 4072 449 4141 fecissem,
468 4070 552 4145 quod
570 4072 694 4146 quidem
713 4073 796 4145 apud
812 4073 934 4129 Graecos
951 4088 1046 4145 graece
1063 4072 1183 4129 locutus
1200 4089 1312 4144 essem,

187 4155 219 4211 id
234 4157 307 4213 ferri
321 4156 408 4213 nullo
423 4156 513 4213 modo
528 4173 628 4230 posse.
645 4157 769 4229 (Klotz,
784 4158 851 4214 Lut.
868 4156 950 4227 saa,
963 4173 993 4230 p.
1008 4156 1085 4231 136.)
