2828 4808
476 803 748 868 UNDEGIMUM
776 803 934 868 CAPUT.

144 1091 188 1138 DE
213 1090 346 1139 ROBORE
371 1092 414 1140 ΕΤ
434 1091 569 1137 FIGURlS
595 1089 790 1138 GRAEGARUM
811 1091 900 1138 APUD
928 1091 1120 1139 CICERONEM
1142 1092 1259 1140 VOCUM.

184 1477 339 1540 Graecum
358 1477 561 1539 vocabulum
580 1477 796 1557 potiusquam
818 1495 996 1540 romanum
1018 1477 1201 1558 aliquoties
1220 1496 1268 1542 as-

35 1593 42 1605 ·
144 1576 249 1637 sumit
266 1574 315 1636 M,
327 1575 461 1637 Tullius
475 1576 556 1655 quia
571 1575 762 1639 vehementi
783 1576 896 1656 aliquo
913 1577 1041 1657 impetu
1057 1577 1201 1651 moveri,
1217 1579 1269 1640 vel

142 1674 342 1754 figuratione
361 1674 507 1753 quadam
526 1674 561 1736 id
578 1674 723 1737 verbum
739 1675 903 1738 illustrari
922 1675 1150 1751 existimatur,
1169 1680 1207 1740 ut
1229 1695 1270 1739 ex

143 1771 201 1833 illo
217 1772 367 1843 adhibito
387 1789 488 1834 sucus
507 1776 539 1835 et
561 1773 699 1852 sanguis
720 1775 847 1836 oriatur
866 1777 898 1836 et
920 1773 1051 1835 virilior
1068 1775 1128 1837 fiet
1150 1775 1269 1837 oratio.

182 1869 267 1932 Haec
285 1873 445 1950 tanquam
469 1871 660 1934 robustiora
684 1871 882 1951 seligentem
904 1890 982 1935 eum
1002 1872 1118 1934 videre
1141 1873 1268 1935 videor.

187 1967 359 2048 Ἀδημενῶν.
380 1993 392 2024 r
416 1970 581 2031 Lentulus
601 1972 716 2032 noster
736 1970 888 2041 Puteolis
910 1973 978 2044 est3
1003 1971 1156 2050 ἀδημονῶν
1175 1971 1218 2045 is,
1236 1974 1272 2033 ut

143 2065 272 2128 Caecius
297 2070 425 2141 narrat,
451 2068 532 2146 quid
557 2071 662 2148 agat1.
690 2091 701 2124 »
731 2067 893 2148 Ἀδημονῶν
915 2086 956 2130 ex
981 2069 1055 2131 ἀδὲω
1080 2069 1272 2149 (sollicitor)

142 2164 303 2226 haustum
330 2165 469 2226 verbum
501 2166 589 2227 idem
615 2166 703 2228 valet
737 2171 836 2245 atque
862 2190 873 2222 «
903 2166 1132 2228 sollicitudine
1165 2167 1271 2229 animi

142 2264 304 2341 pendens.
325 2263 426 2335 »Qua
441 2264 668 2326 sollicitudine
684 2282 761 2326 cum
778 2282 864 2345 saepe
881 2265 1069 2344 exagltatus
1089 2268 1181 2328 esset
1196 2284 1272 2328 nos-

142 2363 203 2435 ter,
227 2361 339 2422 acrius
361 2364 393 2423 et
417 2362 582 2424 intentius
608 2363 735 2441 aliquid
760 2364 959 2441 prosecutus
982 2365 1033 2425 est
1055 2379 1159 2441 quarn
1179 2365 1272 2443 quod

142 2459 247 2521 latina
262 2460 501 2538 significarent.

184 2579 195 2611 1
226 2555 399 2620 ’Arsinois
426 2558 723 2636 (caesarianorum,
750 2557 881 2621 Caesare
910 2557 1099 2639 interiecto)
1124 2559 1271 2623 istorum

144 2656 297 2718 scribis2.
319 2681 330 2712 1
347 2657 514 2719 Indomita
528 2657 674 2719 licentia.

180 2753 270 2831 Ἅλη.
288 2781 300 2811 1
320 2755 399 2818 Haee
417 2760 467 2818 est
483 2757 552 2836 ἄλη,
569 2757 603 2817 in
622 2772 688 2834 qua
703 2773 792 2817 nunc
809 2772 940 2831 sumus
956 2757 1075 2819 mortis
1090 2756 1200 2820 instar
1211 2759 1234 2821 ³.
1257 2785 1268 2816 »

142 2854 305 2915 Anxietas
321 2855 426 2916 animi
442 2873 615 2934 nunquam
632 2855 912 2934 conquiescentis.

187 2951 339 3015 Ἐκτένεια.
360 2978 371 3008 ι
391 2953 499 3024 Quam
514 2954 549 3014 in
567 2971 618 3016 me
639 2953 869 3015 incredibilem
890 2952 1066 3016 ἐκτένειανη
1092 2954 1272 3018 »Incredi-

141 3050 207 3111 bile
221 3055 252 3112 el
267 3051 397 3129 insigne
411 3052 579 3130 quoddam
592 3052 743 3112 studium
757 3053 789 3112 et
804 3051 913 3112 ardor.
929 3049 979 3112 Cf.
997 3075 1008 3107 ‹
1026 3050 1112 3113 nihil
1126 3070 1270 3132 possum

141 3149 250 3210 dicere
266 3151 470 3230 ἐκτενέστερῡν,
487 3148 574 3210 nihil
591 3150 870 3232 φιλοστοργέτερονῧ.
893 3173 904 3204 r

181 3250 399 3327 Παλιγμνεσῖα.
416 3247 488 3309 Hoc
508 3246 747 3326 gravissimum
763 3250 794 3309 et
812 3247 959 3309 maxime
975 3245 1128 3309 vividum
1143 3265 1270 3312 nomen

141 3362 181 3406 ex
197 3345 310 3407 Graiis
328 3346 436 3420 duxit,
453 3348 501 3418 ut,
517 3349 696 3425 postquam
712 3348 887 3407 revocatus
901 3346 941 3407 ab
958 3345 1078 3407 exsilio
1094 3349 1222 3409 statum
1240 3351 1272 3410 et

140 3444 337 3522 dignitatem
354 3445 631 3523 recuperavisset,
648 3444 884 3524 proconsulare
898 3444 982 3505 illud
997 3444 1179 3523 imperium
1195 3463 1272 3507 sus-

141 3544 272 3620 ceptum
296 3543 476 3621 appellaret
495 3544 527 3603 et
549 3541 733 3617 extolleret.
755 3564 766 3596 1
791 3541 988 3603 Amicorum
1010 3541 1130 3603 litterae
1150 3560 1205 3604 me
1229 3544 1272 3605 ad

140 3639 350 3719 triumphum
374 3642 504 3715 vocant,
529 3657 641 3702 rema
665 3639 776 3713 nobis,
803 3642 840 3700 ut
866 3657 925 3718 ego
952 3639 1107 3714 arbitror,
1132 3644 1273 3720 propter

139 3736 224 3798 banc
249 3740 464 3818 παλιγγενεσίαν
491 3741 641 3800 nostram
669 3756 735 3800 non
762 3737 1028 3818 negligendami.
1060 3761 1071 3793 1
1098 3736 1230 3801 Gallice
1261 3760 1269 3802 :

139 3841 379 3905 renuissancc,
396 3835 449 3897 vel
466 3837 566 3898 etiarn
581 3839 838 3898 restauranda.

174 4050 200 4103 1.
223 4051 272 4104 ne
289 4052 351 4105 aa.
377 4049 430 4114 111,
446 4051 490 4106 13.
510 4081 544 4091 -
562 4051 588 4106 a
610 4050 700 4119 mia,
718 4051 798 4117 xiv,
819 4053 863 4120 11,
881 4052 906 4106 1.
932 4081 965 4089 -
983 4050 1009 4106 a
1027 4050 1117 4119 rara,
1133 4052 1171 4119 x,
1189 4052 1216 4120 1,
1233 4054 1262 4108 4.

140 4163 174 4173 -
190 4135 216 4189 r.
234 4135 323 4202 rma,
340 4136 436 4202 x,17‚
453 4136 478 4189 1.
497 4166 529 4176 -
544 4139 570 4192 5.
588 4137 678 4203 rom,
696 4137 778 4201 niu,
795 4138 821 4204 o,
838 4137 864 4191 1.
884 4167 917 4176 -
932 4137 959 4191 e.
977 4136 1066 4202 rma,
1083 4136 1134 4202 vr,
1149 4137 1179 4207 c,
1197 4138 1224 4192 1.
