2850 4800
672 329 832 390 ..44-

187 459 367 521 titudinem
383 459 455 519 tum
467 459 509 520 ob
523 459 672 522 nominis
686 460 946 523 similitudinem
958 478 1034 522 oum
1050 460 1107 522 illo
1120 459 1321 522 Crotoniata

187 555 383 637 comparat.)
399 557 525 619 Vereor
538 556 652 636 igitur,
671 560 707 619 ut
726 558 887 620 senseris
909 558 996 621 Sane
1010 556 1112 621 velim
1135 557 1199 619 hoe
1219 557 1319 619 solus

187 655 341 734 explores
357 657 390 716 et
410 654 540 734 reliqua
555 655 591 716 in
610 658 682 719 tuto
703 672 809 737 ponas
820 659 841 718 ¹.
863 681 874 713 ι
891 655 967 718 Nisi
983 655 1041 736 qui
1057 655 1221 719 extrarias
1237 655 1319 717 illas

184 751 354 814 dictiones
378 753 544 832 pervolvit
564 758 596 816 et
615 754 800 834 perspexit,
824 771 922 816 nemo
944 754 1108 833 intelliget
1128 770 1318 832 quemnam

187 850 397 913 demonstret
412 850 527 913 Cicero
542 851 605 914 hoc
621 853 756 915 nomine
776 852 950 915 barbarico
970 852 1005 914 in
1026 853 1134 932 prima
1149 851 1288 931 septimi
1307 871 1315 912 :

187 947 369 1029 Dijungere
395 967 449 1012 me
473 949 514 1011 ab
539 949 596 1012 illo
620 951 697 1012 volo
723 968 731 1011 ε
758 967 872 1012 merus
897 952 947 1013 est
963 952 1106 1033 Ιρυρυὶτνρ,
1128 966 1315 1030 germanus

186 1046 402 1108 Lartiduis.»

228 1145 266 1205 ln
280 1145 397 1223 quinta
410 1146 509 1220 sexti,
520 1145 618 1225 plura
631 1146 729 1209 solito
742 1164 846 1226 graece
858 1145 1052 1227 perscripsit
1063 1145 1196 1206 Tullius
1211 1164 1218 1206 :
1234 1169 1246 1201 ι
1262 1154 1316 1223 τῆς

185 1240 319 1324 ξυναέρτυ
335 1251 386 1320 τῆς
407 1245 479 1323 ἐμῆς
501 1243 696 1326 σύξελεύθερσς
716 1245 791 1314 ἔδοξέ
806 1268 852 1324 μοι
872 1246 950 1325 θαμὰ
965 1247 1138 1326 βατταριζων
1151 1244 1199 1306 καὶ
1215 1244 1316 1306 ἀλύειν

186 1341 296 1414 ἐντοῖς
311 1340 463 1422 ξυλλόγσις
479 1343 526 1404 καὶ
544 1348 610 1416 ταῖς
629 1344 749 1423 λέσχαις
768 1344 819 1404 ὑπό
838 1365 864 1404 τι
879 1346 1065 1427 πεφωρακέναι
1085 1343 1136 1416 τὰς
1153 1346 1263 1423 ψήφους
1285 1343 1315 1403 ἐν

185 1443 247 1511 ταῖς
261 1439 415 1522 ὑπάρχουσι
430 1447 491 1516 ταῖς
506 1448 552 1503 aa]
570 1445 773 1523 Κροτωνιάτου.
790 1440 861 1502 Hoc
876 1442 912 1502 tu
931 1441 1064 1520 indaga,
1083 1441 1118 1503 ut
1133 1439 1242 1511 soles;
1261 1444 1315 1501 ast

186 1534 248 1596 hou
270 1538 401 1617 magis:
423 1537 454 1614 ἐξ
474 1539 582 1613 ἄστεως
602 1541 762 1622 ἐπταλέρτυ
785 1542 904 1620 στείχων
922 1540 1069 1621 παρέδωκε
1087 1545 1160 1616 μνῶν
1178 1537 1237 1600 κδ’.
1258 1540 1311 1617 μη’

187 1633 328 1714 ὁρέιλημα
342 1644 382 1716 τῷ
400 1639 555 1718 Καμίλλῳ,
573 1639 670 1699 ἐαυτέν
684 1662 716 1701 τε
730 1640 877 1719 ὂρείλσντα
893 1645 962 1715 μνᾶς
980 1637 1022 1698 κδ’
1032 1637 1064 1698 ἐκ
1078 1643 1132 1697 τῶν
1148 1640 1314 1718 Κροτωνια-

185 1738 269 1792 τικῶν
281 1734 328 1794 καὶ
340 1758 371 1796 εκ
385 1759 440 1797 των
450 1738 689 1817 Χερρονησιτικῶν
703 1735 756 1814 μη’
766 1758 772 1772 ·
783 1737 831 1799 καὶ
848 1737 917 1814 μνὰς
928 1737 1140 1814 κληρονομήσαι
1153 1733 1224 1814 χμ’.
1234 1734 1291 1814 yps
1304 1758 1311 1771 ·

184 1827 289 1887 τούτων
304 1828 334 1888 δὲ
350 1830 422 1907 μηδὲ
444 1831 542 1891 ὂόσλὶν
558 1830 759 1907 δνευθετῆσθαι,
775 1833 886 1891 πάντων
902 1830 1103 1910 ἒρειλήθὲντων
1118 1834 1164 1889 τοῦ
1180 1829 1313 1909 δευτέρου

139 1958 145 1970 ·
177 1925 272 2001 ,μηνὸς
286 1933 321 2009 τῇ
339 1930 474 2008 νουμηνίᾳ
489 1950 495 1965 ·
512 1929 558 1989 τὸν
579 1928 610 1988 δὲ
630 1928 816 2009 ἀπελευθερτν
831 1928 925 2002 αὐτοῦ,
941 1927 1007 1988 ὅντα
1029 1929 1175 2004 ’σμώνυμτν
1195 1933 1235 2005 τῷ
1252 1930 1311 1988 Κέ-

183 2042 269 2096 νωνυς
289 2025 386 2106 πατρὶ,
408 2027 493 2104 μηδὲν
514 2028 675 2108 ὁλοσχερῶς
694 2029 913 2107 τερρσντικέναι.
934 2028 1030 2086 Ταῖτα
1051 2021 1096 2086 οὖν
1117 2027 1309 2106 πρῶτονμὲν,

182 2119 228 2179 ἵνα
246 2125 337 2184 πάντα
356 2127 490 2202 σώζηται,
511 2125 639 2206 δεύτερσν
654 2125 695 2202 δὲ,
711 2126 757 2186 ἵνα
777 2125 848 2202 μηδὲ
866 2130 920 2184 τῶν
940 2125 1030 2185 τόκων
1049 2124 1231 2205 ὀλιγωρήσῃς
1253 2130 1311 2184 τῶν

185 2216 239 2278 ἀπὸ
253 2227 305 2296 τῆς
317 2226 535 2303 τρυεκκειμένης
549 2224 669 2304 ἡμέρας,
681 2220 772 2296 Ὅσας
786 2222 868 2283 αὐτὸν
883 2224 1051 2301 ἠνέγκαμεν,
1067 2222 1169 2302 σρέδρα
1182 2221 1308 2282 δέδοικα.

185 2317 237 2377 Καὶ
249 2319 304 2401 γὰρ
318 2327 409 2401 παρῆν
421 2323 491 2402 πρὸς
505 2323 581 2400 ἡμᾶς
593 2325 839 2400 κατασκεψὲμενσς
850 2323 898 2382 καί
913 2343 938 2382 τι
953 2321 1051 2401 σχεδὶν
1064 2322 1183 2393 ελτίσας
1197 2342 1203 2355 ·
1216 2319 1310 2399 ἀπυγ-
1339 2343 1342 2350 ·

183 2415 245 2488 νυὺς
261 2417 291 2477 δὲ
311 2417 425 2497 ἀλόγως
443 2419 561 2496 ἀπέστη,
578 2421 698 2480 ἐπειπών
717 2443 722 2455 ·
739 2420 819 2495 εἴκω,
837 2419 950 2500 αἰσχράν
964 2441 1006 2480 ττι
1025 2419 1109 2501 δηρόν
1128 2441 1153 2479 τι
1170 2420 1272 2495 μένειν.
1293 2441 1306 2473 ν

185 2510 266 2582 Quae
289 2515 392 2578 verba
417 2517 458 2578 R.
487 2516 632 2580 Mueekii
657 2516 918 2597 diligentissima
942 2533 1042 2596 opera
1070 2517 1229 2589 correcta,
1258 2514 1308 2576 sie

185 2613 285 2675 vertit
303 2614 466 2677 Boetius:
693 2625 696 2630 '
795 2680 799 2687 ,

224 2711 276 2772 Ex
300 2713 382 2775 urbe
406 2714 570 2794 septicolli
594 2714 811 2795 proficiscens
834 2712 1067 2794 (Philotimus)
1093 2712 1233 2774 Camillo
1257 2731 1308 2775 ra-

179 2809 292 2871 tiones
314 2812 459 2874 reddidit
479 2812 787 2874 minarum‘XXlV
807 2814 839 2875 et
862 2812 1022 2886 XLVIII,
1046 2829 1130 2891 quas
1155 2811 1254 2873 debet
1274 2815 1307 2874 et

184 2909 355 2988 seipsum
379 2911 565 2973 debitorem
588 2912 758 2974 minarum
785 2911 901 2975 XXIV
924 2928 965 2972 ex
987 2910 1087 2972 bonis
1111 2909 1248 2971 Milonis
1273 2911 1307 2971 et

180 3007 326 3069 XLVIII
343 3027 359 3071 e
374 3010 510 3089 praediis
525 3010 793 3082 Chersonnesiis,
811 3008 989 3089 (dixitque)
1004 3027 1045 3072 ex
1060 3008 1306 3071 hereditatibus

180 3107 249 3169 sibi
264 3107 443 3170 obvenisse
459 3109 570 3170 minas
586 3109 639 3170 bis
655 3111 830 3171 sexcentas
846 3109 1067 3188 quadraginta
1084 3126 1091 3168 :
1109 3108 1229 3169 barum
1248 3124 1307 3168 au-

178 3207 250 3267 ·tem
274 3223 315 3268 ne
337 3205 473 3268 obolum
499 3207 636 3285 quidem
659 3207 933 3269 administratum
956 3223 1043 3280 esse,
1064 3223 1168 3285 quum
1190 3205 1307 3266 omnia

180 3303 295 3365 debita
314 3307 467 3366 essenta
485 3304 560 3366 Kal.
582 3303 761 3367 februariis
785 3323 792 3365 τ
814 3305 906 3366 illius
926 3307 1039 3366 aulem
1058 3304 1227 3376 libertum,
1249 3303 1307 3364 cui

183 3402 272 3464 idem
286 3408 413 3464 'nomen
425 3404 514 3482 quod
529 3405 599 3465 erat
611 3401 758 3465 Cononis
771 3404 857 3482 patri
866 3403 889 3477 ²,
902 3402 986 3464 nibil
1001 3403 1139 3464 omnino
1154 3419 1304 3465 curasse.

183 3500 262 3562 Haeo
277 3501 378 3580 igitur
392 3502 539 3581 primum
553 3519 632 3563 eura
646 3503 682 3563 nt
698 3501 856 3563 universa
871 3503 1047 3563 serventur
1057 3519 1065 3575 3
1077 3500 1196 3562 deinde
1210 3501 1246 3562 ut
1262 3517 1306 3562 ne

184 3615 305 3660 usuras
321 3599 469 3679 negligas
485 3617 560 3678 quae
575 3617 594 3661 a
609 3599 662 3661 die
678 3600 835 3679 praedicta
850 3601 999 3660 currunt.
1018 3598 1105 3669 Quot
1120 3599 1193 3660 dies
1208 3597 1307 3660 illum

182 3698 399 3778 pertulimusq
425 3699 460 3759 in
488 3716 607 3778 magno
635 3698 755 3760 timore
780 3697 841 3760 fui.
870 3698 1006 3760 Etenim
1033 3699 1103 3760 erat
1127 3697 1216 3778 apud
1242 3694 1306 3758 nos

179 3797 418 3877 exploraturus
433 3800 465 3860 et
480 3798 607 3878 aliquid
623 3815 773 3877 sperans,
791 3814 895 3876 eaque
912 3815 969 3876 spe
983 3797 1164 3859 destitutus
1178 3798 1307 3859 temere

184 3897 266 3958 abiit
280 3897 540 3959 obmurmurans
554 3916 560 3958 :
573 3898 666 3971 cedo,
680 3914 758 3958 nam
770 3898 866 3975 turpe
879 3896 937 3957 diu
953 3913 1087 3958 manere
1101 3894 1146 3975 (et
1159 3912 1305 3957 vacuum

183 3994 330 4074 reverti).

219 4160 244 4252 r.
266 4195 401 4264 monus,
418 4199 461 4250 aa
477 4197 548 4262 ln,
565 4196 616 4263 vr,
633 4195 660 4262 l,
676 4196 702 4250 a.
720 4227 753 4234 -
767 4196 794 4251 a.
811 4195 1005 4250 Timotheum
1020 4165 1163 4265 'scrinea
1181 4253 1183 4258 ,
1216 4170 1254 4265 J
