2828 4808
586 339 741 398 „64-

111 472 260 535 romanis
284 470 413 543 verbio,
440 486 500 530 nec
522 469 593 548 jam
616 487 700 543 uno,
725 487 832 530 unum
858 469 1060 532 uocabulum
1087 489 1232 552 graecum

107 570 288 633 transferat
306 569 351 630 M.
369 567 513 642 Tullius
533 567 562 629 ei
581 567 787 630 destinatum
803 570 854 630 est
873 568 911 629 ut
925 569 1097 631 desertum
1115 574 1148 634 et
1166 572 1233 634 exi·

107 685 212 747 guum
238 668 301 730 hoo
320 667 485 739 videatur,
509 665 641 727 civibus
668 665 740 727 suis
764 664 969 728 mirantibus
992 667 1099 729 multa
1123 668 1182 732 illa
1202 673 1234 734 et

107 765 331 828 redundantia
346 783 353 825 :
365 763 513 844 jejunior
525 763 595 824 haec
609 763 736 844 lingua,
751 764 808 825 illa
820 765 933 827 autern
948 763 1107 844 pinguior
1120 768 1234 831 existi-

108 864 268 938 mabitur,
285 862 459 924 Ciceronis
473 862 610 940 quidem
625 861 760 942 ingenio
776 864 808 925 et
823 878 933 942 opera.

147 962 254 1024 Nobis
284 962 387 1042 igitur
416 959 656 1039 requirendum
685 963 736 1022 est
764 978 847 1022 num
875 961 999 1023 exteris
1036 963 1234 1027 nominibus

106 1059 350 1124 transferendis
377 1059 649 1140 assumendisve‚
671 1060 724 1120 vel
752 1059 788 1120 in
809 1059 957 1121 italicam
978 1060 1124 1123 humum
1146 1062 1234 1126 inse·

107 1159 232 1234 iendis,
248 1157 395 1238 patrium
412 1173 603 1219 sermonem
622 1156 809 1219 extenderit
825 1157 951 1220 Cicero.
962 1155 1036 1229 Qua
1049 1159 1089 1220 de
1105 1177 1140 1222 re
1159 1179 1233 1224 ecce

106 1257 266 1340 profitens
282 1256 322 1317 de
338 1270 376 1317 sc
390 1255 462 1334 ipso
477 1254 522 1315 M.
540 1254 673 1316 Tullius
690 1273 698 1316 :

148 1377 160 1410 a
186 1353 320 1416 Dabitis
338 1352 428 1415 enim
445 1352 594 1431 profecto
611 1352 884 1432 (inquitisum),
902 1357 939 1417 ut
955 1354 990 1416 in
1008 1356 1111 1418 rebus
1127 1356 1233 1419 inusi-

21 1451 22 1454 ’
106 1453 186 1514 tatis
201 1487 239 1494 -
254 1451 344 1530 quod
359 1449 467 1512 Graeci
483 1450 548 1530 ipsi
564 1449 708 1525 faciunt,
725 1467 745 1512 a
760 1451 885 1530 quibus
899 1452 970 1514 haec
987 1454 1058 1533 jam
1073 1455 1133 1516 diu
1149 1457 1232 1517 trac-

107 1551 278 1612 tantur-
301 1551 438 1610 utamur
458 1548 571 1610 verbis
594 1549 765 1611 interdum
786 1549 959 1612 inauditis.
983 1586 1021 1595 —
1043 1552 1115 1614 Nos
1138 1570 1230 1626 vero,

107 1648 219 1726 inquit
234 1647 385 1721 Attious3
401 1645 483 1725 quin
499 1647 601 1707 etiam
614 1645 741 1731 Graecis
754 1646 869 1709 licebit
883 1649 989 1723 utare,
1003 1666 1109 1727 quum
1125 1651 1230 1724 voles

107 1747 137 1807 si
152 1748 184 1808 te
202 1746 307 1808 latina
324 1744 408 1807 forte
423 1744 589 1806 deficient.
605 1780 645 1790 -
661 1743 752 1807 Bene
772 1762 852 1807 sane
869 1745 970 1821 faois;
990 1749 1050 1809 sed
1069 1748 1179 1810 enitar
1195 1751 1232 1810 ut

106 1843 210 1906 latine
229 1844 360 1922 loquar,
376 1842 443 1904 nisi
464 1843 499 1903 in
517 1843 752 1922 huJuscemodi
771 1843 897 1918 uerbis>
914 1846 951 1906 ut
970 1845 1230 1926 philosophiam,

107 1945 165 2004 aut
191 1941 408 2014 rhetoricam,
437 1942 493 2001 aut
517 1941 711 2020 physicam,
738 1943 795 2002 aut
817 1941 1028 2004 dialecticam
1054 1945 1231 2024 appellem„

106 2040 242 2119 quihus,
258 2042 295 2101 ut
311 2040 387 2100 aliis
407 2039 535 2113 multis
557 2039 764 2100 consuetudo
781 2039 852 2119 jam
865 2040 971 2102 utitur
984 2059 1042 2120 pro
1062 2042 1231 2116 latinis...;

106 2138 358 2200 dialecticorum
383 2136 603 2217 (graecorum)
629 2137 731 2198 verba
758 2138 849 2198 nulla
875 2141 955 2200 sunt
980 2139 1130 2218 publica,
1159 2141 1232 2202 suis

106 2239 259 2298 utuntur.
283 2235 326 2296 Et
347 2235 381 2295 id
404 2235 541 2313 quidem
561 2251 740 2296 commune
760 2235 914 2297 omnium
934 2236 1003 2298 iere
1026 2237 1230 2299 astartium.

30 2359 32 2364 ’
107 2336 175 2396 Aut
192 2334 281 2395 enim
302 2350 389 2394 nova
409 2334 489 2394 sunt
509 2349 622 2393 rerum
641 2349 806 2394 novarum
826 2333 980 2395 facienda
999 2335 1157 2410 nomina3
1175 2338 1233 2397 aut

109 2450 150 2495 ex
163 2433 239 2494 aliis
255 2431 498 2493 transferenda.
511 2429 607 2500 Quod
620 2431 649 2492 si
662 2429 769 2493 Graeci
786 2431 924 2506 faciunt,
941 2433 998 2511 qui
1013 2432 1048 2493 in
1063 2432 1117 2494 his
1130 2432 1231 2495 rebus

107 2532 156 2592 tot
171 2531 242 2609 jam
262 2529 384 2590 saecula
400 2529 589 2602 versantur,
606 2530 730 2607 quanto
751 2528 784 2589 id
803 2530 910 2609 magis
931 2530 1029 2591 nobis
1049 2531 1233 2593 conceden-

82 2659 85 2665 ·
108 2629 190 2690 dum
211 2630 277 2702 est,
298 2628 356 2706 qui
379 2626 449 2687 haec
472 2644 560 2688 nunc
582 2627 729 2706 primum
751 2627 891 2689 tractare
915 2627 1101 2689 conamur?
1121 2664 1160 2671 —
1180 2628 1230 2690 Tu

107 2744 199 2801 vero,
216 2727 368 2805 inquam,
385 2727 503 2799 Varro,
520 2725 604 2786 bene
623 2724 724 2786 etiam
742 2723 925 2787 meriturus
943 2726 1027 2787 milri
1047 2726 1173 2788 videris
1191 2727 1231 2788 de

108 2826 176 2887 tuis
197 2824 339 2898 civibus,
357 2824 385 2884 si
407 2840 464 2884 eos
482 2840 548 2884 non
570 2823 668 2884 modo
684 2823 779 2902 copia
796 2839 909 2884 rerum
930 2824 1077 2899 auxeris
1097 2827 1135 2886 ut
1154 2824 1231 2886 effe-

107 2924 194 2997 cisti,
212 2923 387 2984 sedetiam
405 2922 617 2984 verborum1.
646 2945 657 2978 1

145 3022 237 3082 Num
263 3020 386 3098 dignus
409 3020 452 3080 sit
473 3019 589 3081 Cicero
607 3018 666 3099 qui
687 3014 798 3082 tantas
823 3019 940 3081 laudes
963 3021 1041 3095 sibi,
1062 3038 1128 3082 non
1145 3021 1229 3082 Var-

75 3118 77 3122 ’
106 3119 191 3194 roni,
207 3120 318 3180 mente
340 3118 479 3191 tribuat,
496 3118 594 3179 nobis
614 3119 823 3197 propositum
839 3120 889 3179 est
910 3120 947 3179 ut
963 3136 1004 3180 ex
1019 3119 1231 3181 documentis

108 3219 393 3297 argumentemur.
417 3216 456 3276 ln
490 3215 547 3276 illa
568 3216 706 3276 victoris
734 3218 765 3277 et
787 3216 867 3277 victi
906 3217 1020 3296 populi
1052 3219 1232 3280 certatione

107 3317 259 3388 honesta,
281 3316 356 3375 uter
376 3316 486 3375 utrum
508 3315 705 3392 superavit?
724 3315 837 3375 Latini
858 3317 972 3377 autem
993 3316 1159 3376 sermonis
1180 3316 1234 3377 de·

108 3414 220 3476 fensor
239 3416 271 3475 et
290 3415 451 3492 patronus
467 3412 559 3473 omni
574 3412 607 3472 vi
631 3415 663 3474 et
685 3413 825 3473 audacia
847 3413 1074 3484 dimicavitne,
1096 3415 1233 3476 annon‘.l

152 3512 304 3572 Plurima
333 3513 513 3572 occurrunt
542 3511 643 3572 verba
671 3511 791 3586 latina,
827 3513 952 3590 ciuibus
981 3528 1105 3591 graecas
1134 3530 1233 3575 voces

108 3611 231 3690 optime
248 3609 418 3670 transtulit
434 3612 465 3670 et
480 3609 718 3687 interpretatus
735 3611 796 3683 est,
814 3609 1093 3688 significationem
1110 3627 1232 3672 novam

107 3709 150 3769 iis
171 3708 344 3787 adjiciens
361 3724 501 3786 eamque
523 3707 705 3768 dilucidam
727 3726 734 3766 ε
758 3707 828 3767 hano
849 3706 978 3768 invenit
998 3707 1141 3784 quoties
1158 3710 1234 3787 post

109 3808 256 3867 exteram
268 3805 537 3884 appellationem,
548 3822 721 3866 romanam
733 3823 835 3866 unam
848 3805 1008 3884 reposuit,
1020 3823 1127 3884 neque
1138 3806 1235 3885 plura

108 3904 234 3966 incerto
250 3903 366 3964 lectori
383 3904 415 3964 et
430 3903 568 3964 haerenti
585 3903 706 3965 obtulit
723 3923 730 3964 :

154 4000 243 4076 11111,
270 4001 459 4063 mstimatio.
480 4025 491 4056 1
510 4002 597 4063 Nam
620 4019 696 4062 cum
719 4000 909 4076 aestimatio,
926 4019 1000 4081 quae
1017 4000 1079 4070 ἀξία
1098 4001 1232 4077 dicitur,

145 4208 171 4262 1.
194 4208 304 4274 Acuti„
323 4205 346 4273 Ι,
366 4205 416 4270 Vl,
429 4205 481 4275 243
496 4205 565 4273 VII,
579 4206 625 4273 25,
639 4207 685 4265 26.
