2828 4808
546 414 585 424 -
607 379 647 442 49
668 411 705 426 ..

39 517 107 579 vis
126 533 224 596 aquae
247 531 354 595 usque
369 514 410 575 ad
426 514 593 595 piscinam
610 514 791 596 publicam.
808 513 906 594 Viget
921 514 1005 576 illud
1020 513 1159 576 Homeri
1176 532 1184 576 ε

179 659 266 738 ἤματ’
277 659 415 741 ὀπωρινῷ,
433 660 481 720 ὅτε
492 659 667 740 λαόρέτατον
682 661 742 738 χέει
757 658 831 739 ὕδωρ

180 758 260 836 Ζεὺς,
276 759 324 819 ὅτε
337 757 371 833 δή
385 756 408 838 ρ’
419 756 547 838 ἄνδρεσσι
564 759 769 834 κοτεσσάμενος
782 756 943 838 χαλεπήνῃ.
1015 785 1019 792 ·

50 942 160 1006 Cadit
176 943 318 1006 enimin
334 942 581 1005 absolutionem
597 940 734 1004 Gabinii
751 960 759 1003 :

181 1090 209 1150 οί
225 1089 273 1171 βίῃ
288 1087 326 1151 είν
342 1087 432 1170 ἀγορῇ
448 1088 565 1160 σκολιὰς
578 1087 693 1168 κρίνωσι
709 1089 853 1164 θέμιστας,

183 1187 215 1248 ἐκ
229 1187 260 1247 δέ
273 1186 352 1262 δίκην
368 1185 504 1263 ἐλάσωσι,
522 1187 592 1246 θεῶν
607 1184 669 1246 ὄπιν
684 1184 734 1246 οὐκ
749 1185 931 1263 αλέγοντεςῑ.
952 1207 963 1239 ν

100 1370 245 1434 Nullum
258 1370 361 1451 igitur
372 1352 522 1451 parentis
535 1370 629 1432 illius
645 1373 818 1451 poetarum
833 1387 979 1445 carmen,
992 1369 1086 1431 nulla
1097 1370 1188 1441 locu·

53 1471 122 1544 tic,
144 1487 186 1531 ne
208 1469 317 1531 ullum
339 1469 476 1548 quidem
499 1468 685 1549 epithetum
706 1485 725 1529 a
746 1467 906 1530 Cicerone
926 1467 1099 1547 judicatur
1120 1485 1187 1529 non

55 1567 279 1648 providenter
295 1567 532 1646 excogitatum,
550 1583 617 1627 non
638 1565 847 1628 considerate
868 1565 1066 1646 repositum,
1082 1566 1187 1628 immo

57 1683 131 1728 non
148 1665 330 1745 Sapientiae
345 1665 520 1744 cujusdam
536 1665 659 1727 divinae
675 1664 814 1728 effatum
828 1665 1048 1726 et'oraculnm
1065 1683 1072 1725 :
1091 1689 1102 1721 ι
1121 1665 1188 1727 Ho-

57 1780 178 1825 merus
203 1780 270 1824 non
296 1763 450 1843 Ajacem,
475 1779 536 1825 nec
561 1762 741 1837 Achillem,
765 1763 825 1825 sed
851 1763 986 1826 Ulixem
1010 1762 1189 1842 appellavit

55 1861 283 1944 πτολίπορθονί.
306 1884 317 1916 ν

100 1958 154 2019 Ex
183 1958 242 2019 illo
272 1973 512 2036 responsorum
542 1956 703 2019 thesauro
732 1957 767 2018 in
799 1957 919 2037 primis
946 1957 1132 2020 mirabatur
1157 1959 1189 2019 et

58 2053 263 2137 excerpebat
282 2056 324 2116 ad
346 2055 556 2134 dirigendam
579 2055 656 2117 vitae
680 2072 834 2117 normam
860 2056 1010 2118 carmina
1032 2055 1090 2117 illa
1111 2072 1189 2118 vere

26 2233 28 2237 y
58 2154 235 2228 sublimia,
257 2153 381 2232 quibus
402 2170 557 2215 summus
573 2156 667 2216 vates
691 2153 878 2216 ferventem
896 2154 1010 2233 gloriae
1029 2155 1190 2234 cupidita-

58 2255 131 2315 tem
147 2253 264 2331 jactat,
281 2251 422 2314 heroum
438 2269 579 2313 sucrum
595 2251 755 2314 virtutem
780 2251 1004 2314 clarissimam
1021 2252 1189 2333 praedicat,

59 2354 92 2414 et
108 2351 273 2413 adversus
288 2350 525 2412 imminentem
543 2367 661 2412 necem
678 2345 781 2412 r'obur
797 2350 944 2413 illustrat
959 2351 1190 2431 animisquem

59 2448 174 2511 laudis
190 2447 337 2511 eximius
358 2465 452 2510 amor
468 2448 502 2509 in
519 2448 629 2528 media
644 2441 793 2527 pericula
807 2448 964 2528 propellit
981 2468 988 2510 :

104 2625 115 2656 ι
142 2601 261 2680 Angor
276 2600 373 2674 illud,
389 2601 479 2679 qnod
494 2616 514 2661 a
528 2617 631 2681 puero
647 2601 840 2662 ademeram

184 2735 254 2797 Αίέν
268 2735 420 2817 ἀριστεύειν
433 2735 481 2797 καὶ
496 2736 645 2817 ὑπείροχον
661 2736 778 2814 ἔμμεναι
792 2737 892 2798 ἄλλων

62 2889 173 2950 totum
189 2885 383 2947 occidisset.
405 2909 416 2941 ν
439 2885 591 2966 (Semper
606 2886 737 2949 fortiter
752 2904 850 2968 agere
867 2890 898 2950 et
915 2889 991 2950 aliis
1007 2889 1191 2971 praestare.)

188 3081 229 3091 -
242 3044 385 3126 ’Ἄλκιμος
400 3047 456 3109 έσσ’
468 3050 515 3109 ίνκ
530 3049 574 3122 τίς
589 3072 620 3110 σε
634 3049 682 3111 καί
698 3050 835 3129 ἐψιγένων
852 3047 879 3113 εὖ
895 3051 997 3133 εἴπῃ...

187 3147 236 3223 Μὴ
253 3147 306 3224 μὰν
322 3146 452 3208 ἀσπουδεί
466 3147 561 3226 γεκαὶ
578 3147 702 3221 ἀκλείῶς
719 3150 889 3228 ἀπολοίμην,

10 3310 15 3321 ‚
112 3277 114 3279 ·
192 3241 289 3305 Ἀλλοί
304 3245 377 3324 μέγα
392 3241 474 3327 ῥέξας
488 3244 535 3305 καί
552 3245 723 3324 ἐσσομένοισι
738 3244 904 3308 πυθέσθαιέ.

103 3431 274 3494 Strenuus
297 3431 369 3492 esto
391 3446 458 3508 quo
480 3431 512 3491 te
536 3430 568 3490 et
590 3429 815 3509 posteriorum
832 3429 954 3508 aliquis
975 3430 1125 3495 laudet...
1142 3434 1193 3495 Ne

10 3534 20 3579 '-
69 3529 238 3610 ignaviter
261 3530 297 3596 et*
317 3527 459 3607 inglorie
484 3544 619 3607 peream
645 3546 652 3588 :
677 3528 735 3589 sed
764 3545 884 3607 magno
909 3528 1022 3607 aliquo
1046 3531 1193 3594 tacinore

68 3627 162 3690 edito
177 3626 346 3705 dignoque
365 3626 455 3704 quod
470 3625 626 3688 audiatur
642 3643 660 3687 a
674 3626 831 3706 posteris,

108 3794 119 3825 ι
147 3768 199 3831 De
212 3767 375 3849 Pompeio
390 3768 473 3847 quid
486 3786 581 3848 agam
591 3769 643 3830 ‘lm
657 3768 727 3848 Ego
744 3769 856 3849 igitur,
866 3770 958 3833 'sicut
971 3727 1058 3852 apud
1072 3773 1194 3835 Home·

66 3883 157 3942 rum,
173 3866 228 3928 cui
245 3867 278 3927 et
294 3869 400 3929 mater
417 3869 450 3929 et
464 3867 526 3928 dea
539 3866 682 3928 dixisset
700 3885 707 3927 :

103 4082 130 4137 1.
152 4082 203 4136 nu
219 4079 337 4149 onina,
353 4080 407 4146 111,
423 4082 450 4146 7,
467 4081 493 4135 ι.
508 4109 540 4121 -
553 4080 580 4136 a.
595 4083 642 4136 ιο
658 4083 759 4149 σωκ,
772 4082 808 4147 x,
822 4082 867 4150 m,
882 4082 952 4138 a-
963 4083 989 4138 3.
1006 4083 1095 4150 rma,
1110 4086 1193 4152 mu,

66 4168 166 4236 15‚a;
186 4169 230 4222 aa
246 4164 363 4235 oraine,
384 4165 439 4233 ιιι,
462 4166 488 4233 c,
510 4166 543 4235 ι;
562 4164 671 4234 ποια,
688 4167 739 4233 νι,
754 4168 818 4223 acc.
834 4198 868 4208 -
882 4168 908 4222 ι.
926 4171 973 4222 ιο
990 4171 1091 4237 nam„
1111 4171 1193 4238 nni,

69 4253 168 4318 15‚a;
190 4249 302 4320 ratae„
316 4249 363 4316 aa,
377 4249 440 4306 acl.
460 4250 506 4305 cf.
522 4253 565 4304 ac
579 4252 651 4318 ιιι,
667 4252 704 4319 x,
721 4252 747 4316 ι,
764 4252 790 4306 1.

1071 4390 1089 4444 [ι
