2828 4808
494 955 672 1020 PRIMUM
694 955 851 1021 CAPUT.

243 1269 287 1314 DE
308 1267 455 1315 ROMANIS
476 1269 563 1314 ANTE
583 1267 772 1315 CICERONEM
795 1269 913 1315 GRAEGA
933 1270 1109 1316 VOCABULA

540 1366 805 1413 USURPANTIBUS.

153 1796 269 1877 Operae
287 1796 433 1877 pretium
453 1797 504 1858 est
525 1795 695 1877 requirere
715 1811 863 1873 quonam
882 1794 981 1856 modo
1000 1795 1033 1857 et
1052 1794 1177 1874 quibus
1193 1796 1234 1858 de

113 1894 217 1957 rebus
240 1894 385 1956 Romani
410 1895 486 1956 ante
510 1892 706 1955 Ciceronem
730 1891 879 1954 sermoni
903 1909 964 1954 suo
987 1909 1111 1972 graecas
1136 1909 1235 1956 voces

111 1992 343 2069 adhibuerint,
368 1995 406 2055 ut
429 1991 600 2056 enucleate
623 1993 779 2072 appareat
804 1992 918 2053 utrum
939 1990 1011 2072 ipse
1033 1990 1078 2053 M.
1101 1991 1235 2055 Tullius

112 2090 266 2153 imitatus
286 2091 341 2167 sit,
363 2108 404 2152 an
425 2090 616 2162 mutaverit,
636 2091 693 2152 aut
712 2089 892 2151 renovarit.
913 2088 1166 2170 Explorandum
1183 2091 1235 2152 est

113 2206 195 2251 num
213 2189 330 2269 graecis
347 2189 461 2252 verbis
480 2188 584 2251 latina
603 2188 784 2251 miscentes
803 2187 949 2251 Romani
965 2186 1235 2268 colloquerentur

111 2289 144 2350 et
159 2287 356 2350 scriberent.

151 2384 228 2447 Non
248 2385 350 2465 primi
377 2387 453 2448 ante
482 2402 599 2448 omnes
621 2384 755 2447 Atticus
776 2386 809 2448 et
836 2383 951 2447 Cicero
973 2383 1141 2446 cotidiano
1166 2401 1234 2447 ser·

111 2483 204 2546 moni
217 2500 323 2563 graeca
335 2483 437 2546 verba
450 2484 694 2564 insperserunt,
707 2500 814 2563 neque
827 2482 851 2545 ii
865 2481 1122 2546 consuetudinis
1134 2482 1234 2544 istius

110 2580 247 2644 initium
261 2581 424 2645 fecerunt.
439 2581 641 2662 vigentibus
653 2581 692 2643 P.
708 2580 867 2643 Africano
883 2581 915 2643 et
929 2579 1032 2642 Laelio
1047 2580 1080 2642 et
1092 2579 1130 2641 L.
1144 2578 1233 2642 AElio

111 2677 239 2742 Stilone
254 2683 286 2742 et
301 2678 340 2751 Q.
353 2678 485 2742 Caecilio
503 2679 649 2754 Metello,
668 2678 821 2742 nonnulli
840 2679 927 2741 inter
940 2677 1105 2757 primores
1120 2676 1233 2758 populi

112 2780 208 2840 erant
222 2778 281 2858 qui
298 2796 422 2858 graecas
436 2778 564 2841 litteras
582 2777 630 2839 ite
647 2777 813 2851 foverent,
830 2778 866 2838 ut
883 2793 992 2856 graece¹
1003 2775 1116 2856 potius
1131 2792 1233 2855 quarn

110 2874 212 2938 latine
231 2875 324 2956 loqui
344 2876 495 2951 mallent,
510 2875 653 2957 patriam
669 2874 820 2955 linguam
835 2874 1041 2954 spernerent,
1058 2875 1233 2936 externam

111 2973 323 3036 asciscerent.
345 2974 398 3036 Ex
417 2974 542 3054 quibus
561 2974 618 3038 ille
637 2974 675 3036 T.
698 2972 874 3048 Albucius
895 2990 998 3052 quem
1017 2971 1234 3036 vehementer

110 3073 199 3152 apud
218 3072 387 3135 Lucilium
403 3072 441 3145 Q.
459 3073 591 3136 Mucius
606 3071 755 3136 Scaevola
774 3071 1000 3152 reprehendit,
1018 3087 1232 3152 magnacum

110 3169 281 3234 Ciceronis
296 3169 395 3234 laude
412 3189 420 3233 ε

180 3346 319 3402 Graecum
335 3348 373 3412 te,
389 3345 509 3412 Albuci,
527 3361 620 3418 quam
636 3346 811 3402 Romanum
826 3347 918 3417 atque
932 3343 1092 3413 Sabinum,

181 3430 369 3503 Municipem
384 3429 485 3498 Ponti,
501 3430 657 3495 Tritanni,
672 3429 897 3499 centurionum,

180 3517 403 3573 Praeclarorum
418 3517 578 3572 hominum
596 3532 630 3572 ac
644 3517 813 3588 primorum
829 3516 1082 3588 signiferumque,

180 3601 319 3658 Maluisti
334 3602 412 3672 dici,
428 3603 531 3659 Graece
546 3617 616 3674 ergo
630 3606 740 3673 praetor
753 3601 892 3669 AtheniS,

178 3687 215 3744 Id
229 3687 313 3760 quod
327 3687 476 3754 maluisti,
494 3689 531 3754 te,
548 3703 618 3742 curn
636 3687 674 3742 ad
689 3703 737 3742 me
752 3687 882 3754 accedi',
898 3685 997 3742 saluto
1013 3703 1019 3742 :

178 3775 262 3846 χαῖρε,
277 3773 417 3846 iuquam,
431 3771 513 3828 Titel
535 3772 681 3841 Lictores,
697 3775 798 3828 turma
813 3771 918 3828 omni'
933 3771 1112 3843 cohorsque,

178 3865 260 3931 χαῖρε,
276 3856 361 3913 Titel
379 3857 459 3914 Hinc
474 3857 572 3914 hostis
587 3857 630 3913 mi
643 3858 803 3926 Albucius
819 3857 892 3913 hinc
906 3856 1080 3912 inimicus1.

144 4083 169 4139 1.
190 4083 234 4138 De
245 4081 390 4150 Finibus,
404 4081 428 4158 l,
444 4081 472 4147 3,
488 4081 532 4138 10.
546 4081 592 4138 Gi.
608 4080 730 4138 Lucilii
741 4083 938 4138 Saturarum
952 4079 1109 4151 reliquiae.
1123 4080 1230 4136 Lucia-

110 4183 168 4224 nus
180 4166 321 4234 Mueller,
333 4166 446 4240 Lipsiae
459 4167 609 4234 Teubner,
623 4166 704 4234 1872,
718 4183 747 4240 p.
764 4166 817 4224 135
823 4182 833 4237 3
848 4168 900 4223 Ec
913 4164 1002 4225 libris
1017 4164 1161 4236 incertia,
1174 4166 1226 4224 IX.
