<?xml version="1.0" encoding="UTF-8"?>
<!DOCTYPE html PUBLIC "-//W3C//DTD XHTML 1.0 Transitional//EN"
    "http://www.w3.org/TR/xhtml1/DTD/xhtml1-transitional.dtd">
<html xmlns="http://www.w3.org/1999/xhtml" xml:lang="en" lang="en">
 <head>
  <title>
</title>
<meta http-equiv="Content-Type" content="text/html;charset=utf-8" />
  <meta name='ocr-system' content='tesseract 3.04.00' />
  <meta name='ocr-capabilities' content='ocr_page ocr_carea ocr_par ocr_line ocrx_word'/>
</head>
<body>
  <div class='ocr_page' id='page_1' title='image "./deciceronegraec00fontgoog_0088.png"; bbox 0 0 2828 4808; ppageno 0'>
   <div class='ocr_carea' id='block_1_1' title="bbox 626 331 784 417">
    <p class='ocr_par' dir='ltr' id='par_1_1' title="bbox 626 331 784 417">
     <span class='ocr_line' id='line_1_1' title="bbox 626 331 784 417; baseline 0.019 -25"><span class='ocrx_word' id='word_1_1' title='bbox 626 331 784 417; x_wconf 62' lang='lat'>‚²⁴39*</span> 
     </span>
    </p>
   </div>
   <div class='ocr_carea' id='block_1_2' title="bbox 187 463 1266 549">
    <p class='ocr_par' dir='ltr' id='par_1_2' title="bbox 187 463 1266 549">
     <span class='ocr_line' id='line_1_2' title="bbox 187 463 1266 549; baseline 0.001 -23"><span class='ocrx_word' id='word_1_2' title='bbox 187 463 423 549; x_wconf 70' lang='grc' dir='ltr'>Ἐπιφωνὴμθτα,</span> <span class='ocrx_word' id='word_1_3' title='bbox 439 465 567 527; x_wconf 89' lang='lat' dir='ltr'>laudes.</span> <span class='ocrx_word' id='word_1_4' title='bbox 591 489 602 521; x_wconf 80' lang='grc' dir='ltr'><strong><em>ι</em></strong></span> <span class='ocrx_word' id='word_1_5' title='bbox 622 465 711 537; x_wconf 92' lang='lat' dir='ltr'>Quid</span> <span class='ocrx_word' id='word_1_6' title='bbox 728 466 819 529; x_wconf 90' lang='lat' dir='ltr'>enirn</span> <span class='ocrx_word' id='word_1_7' title='bbox 835 483 895 546; x_wconf 88' lang='lat' dir='ltr'>ego</span> <span class='ocrx_word' id='word_1_8' title='bbox 915 465 1059 527; x_wconf 89' lang='lat' dir='ltr'>aliorum</span> <span class='ocrx_word' id='word_1_9' title='bbox 1078 465 1113 526; x_wconf 93' lang='lat' dir='ltr'>in</span> <span class='ocrx_word' id='word_1_10' title='bbox 1133 482 1187 527; x_wconf 91' lang='lat' dir='ltr'>me</span> <span class='ocrx_word' id='word_1_11' title='bbox 1207 467 1266 547; x_wconf 66' lang='grc' dir='ltr'>ἑπι-</span> 
     </span>
    </p>
   </div>
   <div class='ocr_carea' id='block_1_3' title="bbox 104 563 1265 3789">
    <p class='ocr_par' dir='ltr' id='par_1_3' title="bbox 142 563 1077 646">
     <span class='ocr_line' id='line_1_3' title="bbox 142 563 1077 646; baseline 0 -22"><span class='ocrx_word' id='word_1_12' title='bbox 142 567 301 646; x_wconf 76' lang='grc' dir='ltr'>φωνήματα</span> <span class='ocrx_word' id='word_1_13' title='bbox 313 566 517 643; x_wconf 75' lang='lat' dir='ltr'>exspectem,</span> <span class='ocrx_word' id='word_1_14' title='bbox 531 582 607 626; x_wconf 92' lang='lat' dir='ltr'>cum</span> <span class='ocrx_word' id='word_1_15' title='bbox 624 565 693 629; x_wconf 84' lang='lat' dir='ltr'>haec</span> <span class='ocrx_word' id='word_1_16' title='bbox 708 566 799 628; x_wconf 91' lang='lat' dir='ltr'>domi</span> <span class='ocrx_word' id='word_1_17' title='bbox 823 563 1047 626; x_wconf 78' lang='lat' dir='ltr'>nascantnr¹t</span> <span class='ocrx_word' id='word_1_18' title='bbox 1065 588 1077 618; x_wconf 78' lang='grc' dir='ltr'><strong><em>ι</em></strong></span> 
     </span>
    </p>

    <p class='ocr_par' dir='ltr' id='par_1_4' title="bbox 140 662 1265 842">
     <span class='ocr_line' id='line_1_4' title="bbox 180 662 1265 744; baseline 0.002 -23"><span class='ocrx_word' id='word_1_19' title='bbox 180 662 316 740; x_wconf 75' lang='grc' dir='ltr'>Σχῖλιον,</span> <span class='ocrx_word' id='word_1_20' title='bbox 346 662 535 741; x_wconf 80' lang='lat' dir='ltr'>explicatio.</span> <span class='ocrx_word' id='word_1_21' title='bbox 564 686 575 718; x_wconf 79' lang='grc' dir='ltr'><strong><em>ι</em></strong></span> <span class='ocrx_word' id='word_1_22' title='bbox 608 663 700 738; x_wconf 85' lang='lat' dir='ltr'>Etsi,</span> <span class='ocrx_word' id='word_1_23' title='bbox 730 664 813 744; x_wconf 90' lang='lat' dir='ltr'>quid</span> <span class='ocrx_word' id='word_1_24' title='bbox 840 663 911 743; x_wconf 89' lang='lat' dir='ltr'>jam</span> <span class='ocrx_word' id='word_1_25' title='bbox 940 678 1025 742; x_wconf 92' lang='lat' dir='ltr'>opus</span> <span class='ocrx_word' id='word_1_26' title='bbox 1053 663 1104 724; x_wconf 91' lang='grc' dir='ltr'>θεῖ</span> <span class='ocrx_word' id='word_1_27' title='bbox 1132 662 1265 743; x_wconf 58' lang='lat' dir='ltr'>walp?</span> 
     </span>
     <span class='ocr_line' id='line_1_5' title="bbox 140 757 801 842; baseline 0.006 -22"><span class='ocrx_word' id='word_1_28' title='bbox 140 757 174 820; x_wconf 85' lang='lat' dir='ltr'>Si</span> <span class='ocrx_word' id='word_1_29' title='bbox 198 775 484 837; x_wconf 81' lang='lat' dir='ltr'>perseverassem,</span> <span class='ocrx_word' id='word_1_30' title='bbox 509 778 593 841; x_wconf 90' lang='lat' dir='ltr'>opus</span> <span class='ocrx_word' id='word_1_31' title='bbox 615 761 801 842; x_wconf 61' lang='lat' dir='ltr'>fuissell.)</span> 
     </span>
    </p>

    <p class='ocr_par' dir='ltr' id='par_1_5' title="bbox 140 858 1265 1037">
     <span class='ocr_line' id='line_1_6' title="bbox 181 858 1265 940; baseline 0.003 -23"><span class='ocrx_word' id='word_1_32' title='bbox 181 858 406 938; x_wconf 70' lang='grc' dir='ltr'>Πρελεγῖμεναι,</span> <span class='ocrx_word' id='word_1_33' title='bbox 428 858 590 937; x_wconf 84' lang='lat' dir='ltr'>praelatio.</span> <span class='ocrx_word' id='word_1_34' title='bbox 611 883 621 915; x_wconf 79' lang='grc' dir='ltr'>ι</span> <span class='ocrx_word' id='word_1_35' title='bbox 642 860 729 922; x_wconf 85' lang='lat' dir='ltr'>Veni</span> <span class='ocrx_word' id='word_1_36' title='bbox 750 860 864 940; x_wconf 84' lang='lat' dir='ltr'>igitur,</span> <span class='ocrx_word' id='word_1_37' title='bbox 881 858 910 920; x_wconf 91' lang='lat' dir='ltr'>si</span> <span class='ocrx_word' id='word_1_38' title='bbox 926 859 990 929; x_wconf 76' lang='lat' dir='ltr'>viS,</span> <span class='ocrx_word' id='word_1_39' title='bbox 1008 860 1040 921; x_wconf 88' lang='lat' dir='ltr'>et</span> <span class='ocrx_word' id='word_1_40' title='bbox 1061 858 1152 921; x_wconf 88' lang='lat' dir='ltr'>disce</span> <span class='ocrx_word' id='word_1_41' title='bbox 1171 875 1190 920; x_wconf 86' lang='lat' dir='ltr'>a</span> <span class='ocrx_word' id='word_1_42' title='bbox 1212 875 1265 920; x_wconf 91' lang='lat' dir='ltr'>me</span> 
     </span>
     <span class='ocr_line' id='line_1_7' title="bbox 140 956 1043 1037; baseline 0.002 -21"><span class='ocrx_word' id='word_1_43' title='bbox 140 956 354 1037; x_wconf 69' lang='grc' dir='ltr'>προλεγομένθς</span> <span class='ocrx_word' id='word_1_44' title='bbox 373 973 457 1035; x_wconf 89' lang='lat' dir='ltr'>quas</span> <span class='ocrx_word' id='word_1_45' title='bbox 473 959 607 1036; x_wconf 88' lang='lat' dir='ltr'>quaeris.</span> <span class='ocrx_word' id='word_1_46' title='bbox 625 957 699 1020; x_wconf 89' lang='lat' dir='ltr'>Etsi</span> <span class='ocrx_word' id='word_1_47' title='bbox 715 975 774 1020; x_wconf 91' lang='lat' dir='ltr'>sus</span> <span class='ocrx_word' id='word_1_48' title='bbox 790 956 1009 1020; x_wconf 79' lang='lat' dir='ltr'>Minervam⁸.</span> <span class='ocrx_word' id='word_1_49' title='bbox 1032 981 1043 1012; x_wconf 84' lang='lat'><strong>›</strong></span> 
     </span>
    </p>

    <p class='ocr_par' dir='ltr' id='par_1_6' title="bbox 140 1046 1265 1406">
     <span class='ocr_line' id='line_1_8' title="bbox 186 1046 1263 1135; baseline 0.005 -27"><span class='ocrx_word' id='word_1_50' title='bbox 186 1046 278 1130; x_wconf 78' lang='grc' dir='ltr'>Ἀρχὴ</span> <span class='ocrx_word' id='word_1_51' title='bbox 291 1049 438 1111; x_wconf 90' lang='lat' dir='ltr'>initium.</span> <span class='ocrx_word' id='word_1_52' title='bbox 452 1055 611 1135; x_wconf 69' lang='lat' dir='ltr'>‹bocsopla</span> <span class='ocrx_word' id='word_1_53' title='bbox 623 1054 680 1114; x_wconf 89' lang='lat' dir='ltr'>tua</span> <span class='ocrx_word' id='word_1_54' title='bbox 695 1052 877 1114; x_wconf 91' lang='lat' dir='ltr'>mibivalde</span> <span class='ocrx_word' id='word_1_55' title='bbox 891 1051 1032 1116; x_wconf 89' lang='lat' dir='ltr'>molesta</span> <span class='ocrx_word' id='word_1_56' title='bbox 1044 1053 1104 1113; x_wconf 91' lang='lat' dir='ltr'>est.</span> <span class='ocrx_word' id='word_1_57' title='bbox 1118 1051 1263 1125; x_wconf 88' lang='lat' dir='ltr'>Medere,</span> 
     </span>
     <span class='ocr_line' id='line_1_9' title="bbox 143 1146 1263 1232; baseline 0.002 -24"><span class='ocrx_word' id='word_1_58' title='bbox 143 1146 282 1221; x_wconf 88' lang='lat' dir='ltr'>amab0,</span> <span class='ocrx_word' id='word_1_59' title='bbox 310 1148 390 1209; x_wconf 90' lang='lat' dir='ltr'>dum</span> <span class='ocrx_word' id='word_1_60' title='bbox 420 1151 471 1210; x_wconf 89' lang='lat' dir='ltr'>est</span> <span class='ocrx_word' id='word_1_61' title='bbox 499 1149 611 1232; x_wconf 54' lang='grc' dir='ltr'>ἀρχήῖ.</span> <span class='ocrx_word' id='word_1_62' title='bbox 643 1174 653 1206; x_wconf 71' lang='grc' dir='ltr'><strong><em>ι</em></strong></span> <span class='ocrx_word' id='word_1_63' title='bbox 683 1153 832 1213; x_wconf 76' lang='lat' dir='ltr'><em>Initium</em></span> <span class='ocrx_word' id='word_1_64' title='bbox 861 1167 928 1212; x_wconf 91' lang='lat' dir='ltr'>non</span> <span class='ocrx_word' id='word_1_65' title='bbox 957 1154 1028 1211; x_wconf 87' lang='lat' dir='ltr'>erat</span> <span class='ocrx_word' id='word_1_66' title='bbox 1056 1150 1263 1212; x_wconf 89' lang='lat' dir='ltr'>medicorum</span> 
     </span>
     <span class='ocr_line' id='line_1_10' title="bbox 143 1248 1265 1330; baseline 0.004 -25"><span class='ocrx_word' id='word_1_67' title='bbox 143 1262 358 1308; x_wconf 91' lang='lat' dir='ltr'>romanorum</span> <span class='ocrx_word' id='word_1_68' title='bbox 382 1248 479 1310; x_wconf 89' lang='lat' dir='ltr'>libris</span> <span class='ocrx_word' id='word_1_69' title='bbox 509 1251 668 1328; x_wconf 78' lang='lat' dir='ltr'>tanquam</span> <span class='ocrx_word' id='word_1_70' title='bbox 699 1250 946 1324; x_wconf 87' lang='lat' dir='ltr'>consecratum,</span> <span class='ocrx_word' id='word_1_71' title='bbox 971 1249 1059 1311; x_wconf 87' lang='lat' dir='ltr'>sicut</span> <span class='ocrx_word' id='word_1_72' title='bbox 1087 1249 1161 1330; x_wconf 77' lang='grc' dir='ltr'>ἀρχή</span> <span class='ocrx_word' id='word_1_73' title='bbox 1186 1266 1265 1328; x_wconf 82' lang='lat' dir='ltr'>grae-</span> 
     </span>
     <span class='ocr_line' id='line_1_11' title="bbox 140 1360 267 1406; baseline 0.008 -1"><span class='ocrx_word' id='word_1_74' title='bbox 140 1360 267 1406; x_wconf 91' lang='lat' dir='ltr'>corum.</span> 
     </span>
    </p>

    <p class='ocr_par' dir='ltr' id='par_1_7' title="bbox 140 1441 1265 2021">
     <span class='ocr_line' id='line_1_12' title="bbox 185 1441 1264 1527; baseline 0.002 -23"><span class='ocrx_word' id='word_1_75' title='bbox 185 1441 286 1525; x_wconf 81' lang='grc' dir='ltr'>Ἀρετὴ</span> <span class='ocrx_word' id='word_1_76' title='bbox 306 1448 439 1507; x_wconf 90' lang='lat' dir='ltr'>nonest</span> <span class='ocrx_word' id='word_1_77' title='bbox 461 1447 600 1514; x_wconf 71' lang='grc' dir='ltr'>διδικτῖν,</span> <span class='ocrx_word' id='word_1_78' title='bbox 617 1447 725 1508; x_wconf 89' lang='lat' dir='ltr'>virtus</span> <span class='ocrx_word' id='word_1_79' title='bbox 745 1465 813 1510; x_wconf 89' lang='lat' dir='ltr'>non</span> <span class='ocrx_word' id='word_1_80' title='bbox 833 1446 944 1508; x_wconf 89' lang='lat' dir='ltr'>doceri</span> <span class='ocrx_word' id='word_1_81' title='bbox 963 1445 1084 1527; x_wconf 87' lang='lat' dir='ltr'>potest.</span> <span class='ocrx_word' id='word_1_82' title='bbox 1104 1467 1115 1500; x_wconf 73' lang='grc' dir='ltr'>ι</span> <span class='ocrx_word' id='word_1_83' title='bbox 1136 1444 1264 1515; x_wconf 87' lang='lat' dir='ltr'>Quodsi</span> 
     </span>
     <span class='ocr_line' id='line_1_13' title="bbox 140 1542 1264 1631; baseline 0.002 -29"><span class='ocrx_word' id='word_1_84' title='bbox 140 1542 249 1603; x_wconf 91' lang='lat' dir='ltr'>adhuc</span> <span class='ocrx_word' id='word_1_85' title='bbox 266 1542 396 1604; x_wconf 92' lang='lat' dir='ltr'>nullum</span> <span class='ocrx_word' id='word_1_86' title='bbox 413 1546 462 1605; x_wconf 88' lang='grc' dir='ltr'>θεῖ</span> <span class='ocrx_word' id='word_1_87' title='bbox 477 1543 675 1631; x_wconf 33' lang='grc' dir='ltr'>(ἦθες),,θεεθ</span> <span class='ocrx_word' id='word_1_88' title='bbox 690 1546 803 1607; x_wconf 89' lang='lat' dir='ltr'>tamen</span> <span class='ocrx_word' id='word_1_89' title='bbox 818 1547 939 1624; x_wconf 91' lang='lat' dir='ltr'>potest,</span> <span class='ocrx_word' id='word_1_90' title='bbox 956 1547 1014 1607; x_wconf 89' lang='lat' dir='ltr'>aut</span> <span class='ocrx_word' id='word_1_91' title='bbox 1029 1544 1115 1626; x_wconf 74' lang='grc' dir='ltr'>ἀρετή</span> <span class='ocrx_word' id='word_1_92' title='bbox 1131 1560 1196 1604; x_wconf 91' lang='lat' dir='ltr'>non</span> <span class='ocrx_word' id='word_1_93' title='bbox 1212 1545 1264 1604; x_wconf 88' lang='lat' dir='ltr'>est</span> 
     </span>
     <span class='ocr_line' id='line_1_14' title="bbox 141 1641 1265 1722; baseline 0.001 -22"><span class='ocrx_word' id='word_1_94' title='bbox 141 1642 280 1711; x_wconf 72' lang='grc' dir='ltr'><strong>διδακτόν,</strong></span> <span class='ocrx_word' id='word_1_95' title='bbox 296 1643 385 1720; x_wconf 88' lang='lat' dir='ltr'>quod</span> <span class='ocrx_word' id='word_1_96' title='bbox 408 1642 491 1703; x_wconf 89' lang='lat' dir='ltr'>mibi</span> <span class='ocrx_word' id='word_1_97' title='bbox 511 1643 707 1722; x_wconf 86' lang='lat' dir='ltr'>persuaderi</span> <span class='ocrx_word' id='word_1_98' title='bbox 728 1660 793 1704; x_wconf 91' lang='lat' dir='ltr'>non</span> <span class='ocrx_word' id='word_1_99' title='bbox 816 1644 955 1722; x_wconf 84' lang='lat' dir='ltr'>potest⁵.</span> <span class='ocrx_word' id='word_1_100' title='bbox 978 1666 988 1697; x_wconf 66' lang='grc' dir='ltr'><strong>ι</strong></span> <span class='ocrx_word' id='word_1_101' title='bbox 1007 1642 1057 1704; x_wconf 91' lang='lat' dir='ltr'>De</span> <span class='ocrx_word' id='word_1_102' title='bbox 1073 1642 1134 1702; x_wconf 90' lang='lat' dir='ltr'>hac</span> <span class='ocrx_word' id='word_1_103' title='bbox 1149 1641 1265 1720; x_wconf 92' lang='lat' dir='ltr'>dispu-</span> 
     </span>
     <span class='ocr_line' id='line_1_15' title="bbox 142 1738 1263 1821; baseline 0.002 -23"><span class='ocrx_word' id='word_1_104' title='bbox 142 1738 267 1800; x_wconf 76' lang='lat' dir='ltr'>tatione</span> <span class='ocrx_word' id='word_1_105' title='bbox 291 1740 396 1802; x_wconf 86' lang='lat' dir='ltr'>multa</span> <span class='ocrx_word' id='word_1_106' title='bbox 418 1741 647 1820; x_wconf 72' lang='lat' dir='ltr'>quaesiverunt</span> <span class='ocrx_word' id='word_1_107' title='bbox 667 1742 859 1821; x_wconf 91' lang='lat' dir='ltr'>philosophi</span> <span class='ocrx_word' id='word_1_108' title='bbox 882 1741 991 1821; x_wconf 86' lang='lat' dir='ltr'>graeoi.</span> <span class='ocrx_word' id='word_1_109' title='bbox 1013 1739 1143 1819; x_wconf 86' lang='lat' dir='ltr'>Saepius</span> <span class='ocrx_word' id='word_1_110' title='bbox 1162 1739 1263 1802; x_wconf 87' lang='lat' dir='ltr'>etiam</span> 
     </span>
     <span class='ocr_line' id='line_1_16' title="bbox 143 1838 1264 1920; baseline 0 -22"><span class='ocrx_word' id='word_1_111' title='bbox 143 1838 250 1917; x_wconf 82' lang='lat' dir='ltr'>tetigit</span> <span class='ocrx_word' id='word_1_112' title='bbox 267 1856 341 1900; x_wconf 89' lang='lat' dir='ltr'>eam</span> <span class='ocrx_word' id='word_1_113' title='bbox 358 1839 466 1914; x_wconf 88' lang='lat' dir='ltr'>Plato,</span> <span class='ocrx_word' id='word_1_114' title='bbox 483 1842 630 1902; x_wconf 86' lang='lat' dir='ltr'>maxime</span> <span class='ocrx_word' id='word_1_115' title='bbox 646 1841 681 1902; x_wconf 91' lang='lat' dir='ltr'>in</span> <span class='ocrx_word' id='word_1_116' title='bbox 697 1841 850 1914; x_wconf 90' lang='lat' dir='ltr'>Menone,</span> <span class='ocrx_word' id='word_1_117' title='bbox 868 1841 903 1902; x_wconf 89' lang='lat' dir='ltr'>in</span> <span class='ocrx_word' id='word_1_118' title='bbox 919 1841 1016 1920; x_wconf 84' lang='lat' dir='ltr'>cujus</span> <span class='ocrx_word' id='word_1_119' title='bbox 1031 1838 1108 1900; x_wconf 90' lang='lat' dir='ltr'>libri</span> <span class='ocrx_word' id='word_1_120' title='bbox 1126 1838 1264 1900; x_wconf 89' lang='lat' dir='ltr'>exordio</span> 
     </span>
     <span class='ocr_line' id='line_1_17' title="bbox 142 1935 851 2021; baseline 0.007 -25"><span class='ocrx_word' id='word_1_121' title='bbox 142 1935 278 2014; x_wconf 77' lang='lat' dir='ltr'>ponitur</span> <span class='ocrx_word' id='word_1_122' title='bbox 292 1938 433 2016; x_wconf 86' lang='lat' dir='ltr'>quaestio</span> <span class='ocrx_word' id='word_1_123' title='bbox 451 1957 458 1998; x_wconf 76' lang='grc' dir='ltr'><em>τ</em></span> <span class='ocrx_word' id='word_1_124' title='bbox 476 1936 531 2021; x_wconf 71' lang='grc' dir='ltr'>ἄρα</span> <span class='ocrx_word' id='word_1_125' title='bbox 545 1940 672 2001; x_wconf 56' lang='lat' dir='ltr'>&amp;abactor</span> <span class='ocrx_word' id='word_1_126' title='bbox 687 1941 705 2015; x_wconf 76' lang='lat' dir='ltr'>l,</span> <span class='ocrx_word' id='word_1_127' title='bbox 726 1940 851 2021; x_wconf 71' lang='grc' dir='ltr'>ἀρετή6;</span> 
     </span>
    </p>

    <p class='ocr_par' dir='ltr' id='par_1_8' title="bbox 104 2032 1264 2604">
     <span class='ocr_line' id='line_1_18' title="bbox 181 2032 1262 2115; baseline -0.001 -22"><span class='ocrx_word' id='word_1_128' title='bbox 181 2036 284 2112; x_wconf 61' lang='lat' dir='ltr'>alleg,</span> <span class='ocrx_word' id='word_1_129' title='bbox 301 2037 500 2097; x_wconf 88' lang='lat' dir='ltr'>extremum.</span> <span class='ocrx_word' id='word_1_130' title='bbox 519 2060 529 2092; x_wconf 73' lang='grc' dir='ltr'>ι</span> <span class='ocrx_word' id='word_1_131' title='bbox 546 2036 623 2110; x_wconf 84' lang='lat' dir='ltr'>Sed,</span> <span class='ocrx_word' id='word_1_132' title='bbox 637 2052 762 2115; x_wconf 78' lang='lat' dir='ltr'>quaeso,</span> <span class='ocrx_word' id='word_1_133' title='bbox 777 2035 859 2114; x_wconf 88' lang='lat' dir='ltr'>quid</span> <span class='ocrx_word' id='word_1_134' title='bbox 874 2052 915 2096; x_wconf 89' lang='lat' dir='ltr'>ex</span> <span class='ocrx_word' id='word_1_135' title='bbox 931 2035 996 2096; x_wconf 86' lang='lat' dir='ltr'>ista</span> <span class='ocrx_word' id='word_1_136' title='bbox 1011 2034 1109 2095; x_wconf 88' lang='lat' dir='ltr'>acuta</span> <span class='ocrx_word' id='word_1_137' title='bbox 1121 2034 1153 2094; x_wconf 89' lang='grc' dir='ltr'>θῖ</span> <span class='ocrx_word' id='word_1_138' title='bbox 1167 2032 1262 2113; x_wconf 83' lang='lat' dir='ltr'>gravi</span> 
     </span>
     <span class='ocr_line' id='line_1_19' title="bbox 143 2128 1264 2214; baseline -0.001 -23"><span class='ocrx_word' id='word_1_139' title='bbox 143 2128 287 2193; x_wconf 84' lang='lat' dir='ltr'>refertur</span> <span class='ocrx_word' id='word_1_140' title='bbox 301 2134 343 2194; x_wconf 92' lang='lat' dir='ltr'>ad</span> <span class='ocrx_word' id='word_1_141' title='bbox 354 2134 483 2208; x_wconf 66' lang='grc' dir='ltr'>τέλθςῑέ)</span> <span class='ocrx_word' id='word_1_142' title='bbox 501 2159 512 2189; x_wconf 72' lang='grc' dir='ltr'><strong><em>ι</em></strong></span> <span class='ocrx_word' id='word_1_143' title='bbox 527 2137 618 2208; x_wconf 69' lang='grc' dir='ltr'>Τέλος</span> <span class='ocrx_word' id='word_1_144' title='bbox 633 2138 683 2196; x_wconf 89' lang='grc' dir='ltr'>θεῖ</span> <span class='ocrx_word' id='word_1_145' title='bbox 698 2135 837 2196; x_wconf 88' lang='lat' dir='ltr'>solenne</span> <span class='ocrx_word' id='word_1_146' title='bbox 849 2130 1034 2214; x_wconf 80' lang='lat' dir='ltr'>graecorum</span> <span class='ocrx_word' id='word_1_147' title='bbox 1049 2129 1264 2211; x_wconf 93' lang='lat' dir='ltr'>pbilosopho-</span> 
     </span>
     <span class='ocr_line' id='line_1_20' title="bbox 143 2230 1260 2312; baseline 0.003 -25"><span class='ocrx_word' id='word_1_148' title='bbox 143 2244 217 2289; x_wconf 88' lang='lat' dir='ltr'>rum</span> <span class='ocrx_word' id='word_1_149' title='bbox 240 2230 395 2305; x_wconf 89' lang='lat' dir='ltr'>verbum,</span> <span class='ocrx_word' id='word_1_150' title='bbox 417 2232 513 2312; x_wconf 87' lang='lat' dir='ltr'>cujus</span> <span class='ocrx_word' id='word_1_151' title='bbox 536 2232 587 2293; x_wconf 91' lang='lat' dir='ltr'>vis</span> <span class='ocrx_word' id='word_1_152' title='bbox 609 2232 766 2294; x_wconf 90' lang='lat' dir='ltr'>subtilior</span> <span class='ocrx_word' id='word_1_153' title='bbox 787 2234 838 2293; x_wconf 91' lang='grc' dir='ltr'>θεῖ</span> <span class='ocrx_word' id='word_1_154' title='bbox 861 2248 994 2310; x_wconf 79' lang='lat' dir='ltr'>quam«</span> <span class='ocrx_word' id='word_1_155' title='bbox 1021 2231 1222 2302; x_wconf 90' lang='lat' dir='ltr'>extremum,</span> <span class='ocrx_word' id='word_1_156' title='bbox 1249 2251 1260 2282; x_wconf 67' lang='grc' dir='ltr'><strong><em>ι</em></strong></span> 
     </span>
     <span class='ocr_line' id='line_1_21' title="bbox 143 2327 1264 2409; baseline 0 -23"><span class='ocrx_word' id='word_1_157' title='bbox 143 2343 336 2405; x_wconf 88' lang='lat' dir='ltr'>quanquam</span> <span class='ocrx_word' id='word_1_158' title='bbox 356 2329 445 2391; x_wconf 90' lang='lat' dir='ltr'>idem</span> <span class='ocrx_word' id='word_1_159' title='bbox 465 2330 641 2409; x_wconf 85' lang='lat' dir='ltr'>significat.</span> <span class='ocrx_word' id='word_1_160' title='bbox 659 2330 708 2392; x_wconf 79' lang='lat' dir='ltr'>Cf.</span> <span class='ocrx_word' id='word_1_161' title='bbox 729 2349 736 2390; x_wconf 92' lang='lat'>:</span> <span class='ocrx_word' id='word_1_162' title='bbox 755 2354 766 2385; x_wconf 73' lang='grc' dir='ltr'><strong><em>ι</em></strong></span> <span class='ocrx_word' id='word_1_163' title='bbox 786 2329 954 2400; x_wconf 86' lang='lat' dir='ltr'>Quoniam</span> <span class='ocrx_word' id='word_1_164' title='bbox 975 2329 1079 2391; x_wconf 89' lang='lat' dir='ltr'>idest</span> <span class='ocrx_word' id='word_1_165' title='bbox 1098 2327 1151 2389; x_wconf 92' lang='lat' dir='ltr'>vel</span> <span class='ocrx_word' id='word_1_166' title='bbox 1171 2343 1264 2388; x_wconf 91' lang='lat' dir='ltr'>sum-</span> 
     </span>
     <span class='ocr_line' id='line_1_22' title="bbox 104 2425 1264 2518; baseline 0.001 -33"><span class='ocrx_word' id='word_1_167' title='bbox 104 2496 108 2518; x_wconf 29' lang='lat'><strong>·</strong></span> <span class='ocrx_word' id='word_1_168' title='bbox 144 2442 236 2486; x_wconf 90' lang='lat' dir='ltr'>mum</span> <span class='ocrx_word' id='word_1_169' title='bbox 249 2425 415 2489; x_wconf 85' lang='lat' dir='ltr'>bonorum</span> <span class='ocrx_word' id='word_1_170' title='bbox 428 2429 481 2491; x_wconf 90' lang='lat' dir='ltr'>vel</span> <span class='ocrx_word' id='word_1_171' title='bbox 497 2429 654 2491; x_wconf 90' lang='lat' dir='ltr'>ultimum</span> <span class='ocrx_word' id='word_1_172' title='bbox 670 2430 721 2490; x_wconf 92' lang='lat' dir='ltr'>vel</span> <span class='ocrx_word' id='word_1_173' title='bbox 735 2431 924 2514; x_wconf 89' lang='lat' dir='ltr'>extremum</span> <span class='ocrx_word' id='word_1_174' title='bbox 938 2428 1041 2508; x_wconf 85' lang='lat' dir='ltr'>(quod</span> <span class='ocrx_word' id='word_1_175' title='bbox 1056 2425 1165 2489; x_wconf 88' lang='lat' dir='ltr'>Graeci</span> <span class='ocrx_word' id='word_1_176' title='bbox 1180 2427 1264 2500; x_wconf 78' lang='grc' dir='ltr'>τέλος</span> 
     </span>
     <span class='ocr_line' id='line_1_23' title="bbox 144 2524 419 2604; baseline -0.007 -21"><span class='ocrx_word' id='word_1_177' title='bbox 144 2524 331 2604; x_wconf 90' lang='lat' dir='ltr'>nominant)</span> <span class='ocrx_word' id='word_1_178' title='bbox 343 2528 364 2587; x_wconf 82' lang='lat'>⁸.</span> <span class='ocrx_word' id='word_1_179' title='bbox 388 2543 419 2581; x_wconf 67' lang='lat'>›⁴</span> 
     </span>
    </p>

    <p class='ocr_par' dir='ltr' id='par_1_9' title="bbox 142 2620 1264 2900">
     <span class='ocr_line' id='line_1_24' title="bbox 187 2620 1262 2706; baseline 0 -23"><span class='ocrx_word' id='word_1_180' title='bbox 187 2620 300 2701; x_wconf 71' lang='grc' dir='ltr'><strong>Ἡδονή,</strong></span> <span class='ocrx_word' id='word_1_181' title='bbox 311 2625 477 2706; x_wconf 88' lang='lat' dir='ltr'>voluptas.</span> <span class='ocrx_word' id='word_1_182' title='bbox 491 2626 576 2687; x_wconf 87' lang='lat' dir='ltr'>Item</span> <span class='ocrx_word' id='word_1_183' title='bbox 591 2624 731 2687; x_wconf 86' lang='lat' dir='ltr'>Cassius</span> <span class='ocrx_word' id='word_1_184' title='bbox 746 2625 917 2687; x_wconf 81' lang='lat' dir='ltr'>Ciceroni:</span> <span class='ocrx_word' id='word_1_185' title='bbox 935 2648 945 2680; x_wconf 82' lang='lat'><strong>‹</strong></span> <span class='ocrx_word' id='word_1_186' title='bbox 962 2625 1078 2703; x_wconf 87' lang='lat' dir='ltr'>ltaque</span> <span class='ocrx_word' id='word_1_187' title='bbox 1092 2625 1125 2686; x_wconf 88' lang='lat' dir='ltr'>et</span> <span class='ocrx_word' id='word_1_188' title='bbox 1140 2623 1262 2696; x_wconf 89' lang='lat' dir='ltr'>Pansa,</span> 
     </span>
     <span class='ocr_line' id='line_1_25' title="bbox 142 2720 1264 2802; baseline -0.001 -19"><span class='ocrx_word' id='word_1_189' title='bbox 142 2722 199 2800; x_wconf 89' lang='lat' dir='ltr'>qui</span> <span class='ocrx_word' id='word_1_190' title='bbox 214 2724 317 2800; x_wconf 68' lang='grc' dir='ltr'>ἡδενὴν</span> <span class='ocrx_word' id='word_1_191' title='bbox 332 2724 496 2802; x_wconf 88' lang='lat' dir='ltr'>sequitur,</span> <span class='ocrx_word' id='word_1_192' title='bbox 512 2724 672 2787; x_wconf 88' lang='lat' dir='ltr'>virtutem</span> <span class='ocrx_word' id='word_1_193' title='bbox 695 2724 815 2787; x_wconf 89' lang='lat' dir='ltr'>retinet</span> <span class='ocrx_word' id='word_1_194' title='bbox 826 2727 848 2785; x_wconf 85' lang='lat'>⁹.</span> <span class='ocrx_word' id='word_1_195' title='bbox 873 2723 1011 2786; x_wconf 82' lang='lat' dir='ltr'>»Verbo</span> <span class='ocrx_word' id='word_1_196' title='bbox 1026 2725 1111 2800; x_wconf 67' lang='grc' dir='ltr'>ἡδονὴ</span> <span class='ocrx_word' id='word_1_197' title='bbox 1126 2720 1264 2801; x_wconf 88' lang='lat' dir='ltr'>Epicuri</span> 
     </span>
     <span class='ocr_line' id='line_1_26' title="bbox 142 2821 691 2900; baseline 0.005 -19"><span class='ocrx_word' id='word_1_198' title='bbox 142 2822 315 2900; x_wconf 74' lang='lat' dir='ltr'>praeceptis</span> <span class='ocrx_word' id='word_1_199' title='bbox 331 2821 542 2885; x_wconf 87' lang='lat' dir='ltr'>familiariter</span> <span class='ocrx_word' id='word_1_200' title='bbox 561 2823 691 2884; x_wconf 90' lang='lat' dir='ltr'>alludit.</span> 
     </span>
    </p>

    <p class='ocr_par' dir='ltr' id='par_1_10' title="bbox 142 2916 1264 3789">
     <span class='ocr_line' id='line_1_27' title="bbox 181 2916 1263 3001; baseline -0.003 -20"><span class='ocrx_word' id='word_1_201' title='bbox 181 2920 408 2991; x_wconf 86' lang='lat' dir='ltr'>Quamobrem</span> <span class='ocrx_word' id='word_1_202' title='bbox 428 2921 517 2982; x_wconf 89' lang='lat' dir='ltr'>baud</span> <span class='ocrx_word' id='word_1_203' title='bbox 539 2921 642 2983; x_wconf 89' lang='lat' dir='ltr'>dubio</span> <span class='ocrx_word' id='word_1_204' title='bbox 662 2921 945 3001; x_wconf 86' lang='lat' dir='ltr'>Wesenbergium</span> <span class='ocrx_word' id='word_1_205' title='bbox 969 2919 1181 3000; x_wconf 88' lang='lat' dir='ltr'>probaverim</span> <span class='ocrx_word' id='word_1_206' title='bbox 1204 2916 1263 2997; x_wconf 89' lang='lat' dir='ltr'>qui</span> 
     </span>
     <span class='ocr_line' id='line_1_28' title="bbox 142 3018 1264 3099; baseline -0.001 -20"><span class='ocrx_word' id='word_1_207' title='bbox 142 3019 176 3079; x_wconf 95' lang='lat' dir='ltr'>in</span> <span class='ocrx_word' id='word_1_208' title='bbox 193 3018 254 3080; x_wconf 92' lang='lat' dir='ltr'>boc</span> <span class='ocrx_word' id='word_1_209' title='bbox 269 3019 538 3081; x_wconf 89' lang='lat' dir='ltr'>Tusculanarum</span> <span class='ocrx_word' id='word_1_210' title='bbox 558 3019 630 3081; x_wconf 90' lang='lat' dir='ltr'>loco</span> <span class='ocrx_word' id='word_1_211' title='bbox 648 3038 655 3080; x_wconf 91' lang='lat'>:</span> <span class='ocrx_word' id='word_1_212' title='bbox 675 3044 685 3076; x_wconf 73' lang='grc' dir='ltr'>ι</span> <span class='ocrx_word' id='word_1_213' title='bbox 706 3021 743 3082; x_wconf 92' lang='lat' dir='ltr'>ld</span> <span class='ocrx_word' id='word_1_214' title='bbox 758 3021 848 3099; x_wconf 88' lang='lat' dir='ltr'>quod</span> <span class='ocrx_word' id='word_1_215' title='bbox 862 3022 1053 3082; x_wconf 86' lang='lat' dir='ltr'>constanter</span> <span class='ocrx_word' id='word_1_216' title='bbox 1067 3018 1264 3099; x_wconf 59' lang='lat' dir='ltr'>prudenter*</span> 
     </span>
     <span class='ocr_line' id='line_1_29' title="bbox 142 3118 1264 3199; baseline 0.001 -23"><span class='ocrx_word' id='word_1_217' title='bbox 142 3135 206 3196; x_wconf 85' lang='lat' dir='ltr'>que</span> <span class='ocrx_word' id='word_1_218' title='bbox 220 3118 268 3191; x_wconf 86' lang='lat' dir='ltr'>lit,</span> <span class='ocrx_word' id='word_1_219' title='bbox 286 3118 451 3198; x_wconf 89' lang='lat' dir='ltr'>ejusmodi</span> <span class='ocrx_word' id='word_1_220' title='bbox 474 3118 714 3198; x_wconf 84' lang='lat' dir='ltr'>appetitionem</span> <span class='ocrx_word' id='word_1_221' title='bbox 734 3119 836 3181; x_wconf 88' lang='lat' dir='ltr'>Stoici</span> <span class='ocrx_word' id='word_1_222' title='bbox 858 3120 990 3199; x_wconf 68' lang='grc' dir='ltr'>βούλησιν</span> <span class='ocrx_word' id='word_1_223' title='bbox 1008 3118 1185 3198; x_wconf 87' lang='lat' dir='ltr'>appellant,</span> <span class='ocrx_word' id='word_1_224' title='bbox 1202 3132 1264 3178; x_wconf 91' lang='lat' dir='ltr'>nos</span> 
     </span>
     <span class='ocr_line' id='line_1_30' title="bbox 142 3213 1264 3297; baseline -0.003 -19"><span class='ocrx_word' id='word_1_225' title='bbox 142 3217 350 3296; x_wconf 89' lang='lat' dir='ltr'>appellamus</span> <span class='ocrx_word' id='word_1_226' title='bbox 372 3213 622 3295; x_wconf 66' lang='lat' dir='ltr'>voluntatemw,</span> <span class='ocrx_word' id='word_1_227' title='bbox 644 3241 654 3272; x_wconf 70' lang='lat' dir='ltr'>a</span> <span class='ocrx_word' id='word_1_228' title='bbox 677 3217 855 3296; x_wconf 83' lang='lat' dir='ltr'>legendum</span> <span class='ocrx_word' id='word_1_229' title='bbox 878 3218 1097 3297; x_wconf 78' lang='lat' dir='ltr'>suspicatur«</span> <span class='ocrx_word' id='word_1_230' title='bbox 1123 3213 1264 3294; x_wconf 89' lang='lat' dir='ltr'>appelle-</span> 
     </span>
     <span class='ocr_line' id='line_1_31' title="bbox 143 3313 1263 3396; baseline -0.004 -18"><span class='ocrx_word' id='word_1_231' title='bbox 143 3332 219 3378; x_wconf 89' lang='lat' dir='ltr'>mus</span> <span class='ocrx_word' id='word_1_232' title='bbox 239 3340 249 3371; x_wconf 77' lang='lat'><strong>»</strong></span> <span class='ocrx_word' id='word_1_233' title='bbox 268 3315 370 3396; x_wconf 83' lang='lat' dir='ltr'>(quod</span> <span class='ocrx_word' id='word_1_234' title='bbox 391 3315 545 3377; x_wconf 87' lang='lat' dir='ltr'>Baitorus</span> <span class='ocrx_word' id='word_1_235' title='bbox 565 3315 689 3395; x_wconf 85' lang='lat' dir='ltr'>aliique</span> <span class='ocrx_word' id='word_1_236' title='bbox 710 3315 931 3396; x_wconf 86' lang='lat' dir='ltr'>receperunt),</span> <span class='ocrx_word' id='word_1_237' title='bbox 950 3317 1040 3396; x_wconf 88' lang='lat' dir='ltr'>qnod</span> <span class='ocrx_word' id='word_1_238' title='bbox 1059 3313 1263 3376; x_wconf 86' lang='lat' dir='ltr'>indicativus</span> 
     </span>
     <span class='ocr_line' id='line_1_32' title="bbox 144 3411 1264 3494; baseline -0.004 -19"><span class='ocrx_word' id='word_1_239' title='bbox 144 3414 263 3476; x_wconf 86' lang='lat' dir='ltr'>falsam</span> <span class='ocrx_word' id='word_1_240' title='bbox 285 3413 378 3476; x_wconf 88' lang='lat' dir='ltr'>illam</span> <span class='ocrx_word' id='word_1_241' title='bbox 398 3412 518 3477; x_wconf 85' lang='lat' dir='ltr'>babeat</span> <span class='ocrx_word' id='word_1_242' title='bbox 540 3414 753 3488; x_wconf 87' lang='lat' dir='ltr'>sententiam,</span> <span class='ocrx_word' id='word_1_243' title='bbox 777 3415 811 3476; x_wconf 93' lang='lat' dir='ltr'>id</span> <span class='ocrx_word' id='word_1_244' title='bbox 833 3416 1029 3477; x_wconf 82' lang='lat' dir='ltr'>constantiae</span> <span class='ocrx_word' id='word_1_245' title='bbox 1049 3430 1154 3494; x_wconf 82' lang='lat' dir='ltr'>genus</span> <span class='ocrx_word' id='word_1_246' title='bbox 1174 3411 1264 3491; x_wconf 89' lang='lat' dir='ltr'>quod</span> 
     </span>
     <span class='ocr_line' id='line_1_33' title="bbox 142 3509 1264 3594; baseline -0.004 -19"><span class='ocrx_word' id='word_1_247' title='bbox 142 3514 252 3576; x_wconf 86' lang='lat' dir='ltr'>Stoica</span> <span class='ocrx_word' id='word_1_248' title='bbox 281 3513 426 3591; x_wconf 88' lang='lat' dir='ltr'>quadam</span> <span class='ocrx_word' id='word_1_249' title='bbox 457 3511 691 3592; x_wconf 84' lang='lat' dir='ltr'>terminologia</span> <span class='ocrx_word' id='word_1_250' title='bbox 720 3515 855 3590; x_wconf 70' lang='grc' dir='ltr'>βούλησις</span> <span class='ocrx_word' id='word_1_251' title='bbox 886 3513 1080 3594; x_wconf 75' lang='lat' dir='ltr'>appelletur,</span> <span class='ocrx_word' id='word_1_252' title='bbox 1104 3530 1123 3573; x_wconf 89' lang='lat' dir='ltr'>a</span> <span class='ocrx_word' id='word_1_253' title='bbox 1147 3509 1264 3572; x_wconf 89' lang='lat' dir='ltr'>latinis</span> 
     </span>
     <span class='ocr_line' id='line_1_34' title="bbox 145 3610 1264 3692; baseline -0.002 -21"><span class='ocrx_word' id='word_1_254' title='bbox 145 3613 243 3692; x_wconf 82' lang='lat' dir='ltr'>vulgo</span> <span class='ocrx_word' id='word_1_255' title='bbox 260 3611 419 3691; x_wconf 90' lang='lat' dir='ltr'>appellari</span> <span class='ocrx_word' id='word_1_256' title='bbox 435 3610 643 3672; x_wconf 88' lang='lat' dir='ltr'>voluntatem</span> <span class='ocrx_word' id='word_1_257' title='bbox 664 3628 738 3673; x_wconf 88' lang='lat' dir='ltr'>esse</span> <span class='ocrx_word' id='word_1_258' title='bbox 759 3611 913 3686; x_wconf 83' lang='lat' dir='ltr'>solitum3</span> <span class='ocrx_word' id='word_1_259' title='bbox 935 3610 1130 3674; x_wconf 89' lang='lat' dir='ltr'>Ciceronem</span> <span class='ocrx_word' id='word_1_260' title='bbox 1151 3611 1264 3671; x_wconf 88' lang='lat' dir='ltr'>aulem</span> 
     </span>
     <span class='ocr_line' id='line_1_35' title="bbox 143 3704 1263 3789; baseline -0.004 -18"><span class='ocrx_word' id='word_1_261' title='bbox 143 3710 205 3771; x_wconf 92' lang='lat' dir='ltr'>hoc</span> <span class='ocrx_word' id='word_1_262' title='bbox 232 3709 373 3783; x_wconf 85' lang='lat' dir='ltr'>dixisse,</span> <span class='ocrx_word' id='word_1_263' title='bbox 400 3708 509 3770; x_wconf 86' lang='lat' dir='ltr'>licere·</span> <span class='ocrx_word' id='word_1_264' title='bbox 528 3708 632 3770; x_wconf 87' lang='lat' dir='ltr'>latino</span> <span class='ocrx_word' id='word_1_265' title='bbox 656 3709 830 3784; x_wconf 88' lang='lat' dir='ltr'>vocabulo,</span> <span class='ocrx_word' id='word_1_266' title='bbox 858 3710 947 3789; x_wconf 86' lang='lat' dir='ltr'>qnod</span> <span class='ocrx_word' id='word_1_267' title='bbox 974 3710 1104 3789; x_wconf 86' lang='lat' dir='ltr'>vulgari</span> <span class='ocrx_word' id='word_1_268' title='bbox 1120 3704 1263 3771; x_wconf 87' lang='lat' dir='ltr'>dicendi</span> 
     </span>
    </p>
   </div>
   <div class='ocr_carea' id='block_1_4' title="bbox 143 3949 1263 4275">
    <p class='ocr_par' dir='ltr' id='par_1_11' title="bbox 143 3949 1263 4275">
     <span class='ocr_line' id='line_1_36' title="bbox 178 3949 1262 4022; baseline 0 -18"><span class='ocrx_word' id='word_1_269' title='bbox 178 3951 204 4004; x_wconf 90' lang='lat'>1.</span> <span class='ocrx_word' id='word_1_270' title='bbox 224 3952 271 4005; x_wconf 78' lang='lat' dir='ltr'>Aa</span> <span class='ocrx_word' id='word_1_271' title='bbox 287 3952 358 4018; x_wconf 75' lang='lat' dir='ltr'>An,</span> <span class='ocrx_word' id='word_1_272' title='bbox 378 3951 400 4016; x_wconf 86' lang='lat' dir='ltr'>l,</span> <span class='ocrx_word' id='word_1_273' title='bbox 418 3950 462 4016; x_wconf 80' lang='grc'>19,</span> <span class='ocrx_word' id='word_1_274' title='bbox 479 3950 506 4005; x_wconf 88' lang='lat'>3.</span> <span class='ocrx_word' id='word_1_275' title='bbox 524 3981 558 3988; x_wconf 92' lang='lat'>—</span> <span class='ocrx_word' id='word_1_276' title='bbox 572 3949 598 4004; x_wconf 87' lang='grc'>2.</span> <span class='ocrx_word' id='word_1_277' title='bbox 614 3949 707 4016; x_wconf 79' lang='lat' dir='ltr'>ibid,</span> <span class='ocrx_word' id='word_1_278' title='bbox 725 3951 808 4019; x_wconf 85' lang='lat' dir='ltr'>XVI,</span> <span class='ocrx_word' id='word_1_279' title='bbox 829 3953 856 4018; x_wconf 85' lang='lat'>7,</span> <span class='ocrx_word' id='word_1_280' title='bbox 874 3952 899 4008; x_wconf 87' lang='lat'>3.</span> <span class='ocrx_word' id='word_1_281' title='bbox 921 3983 954 3990; x_wconf 86' lang='lat'>-</span> <span class='ocrx_word' id='word_1_282' title='bbox 973 3952 999 4006; x_wconf 86' lang='lat'>3.</span> <span class='ocrx_word' id='word_1_283' title='bbox 1024 3953 1072 4005; x_wconf 86' lang='lat' dir='ltr'>Ad</span> <span class='ocrx_word' id='word_1_284' title='bbox 1092 3953 1185 4022; x_wconf 73' lang='lat' dir='ltr'>sona,</span> <span class='ocrx_word' id='word_1_285' title='bbox 1209 3950 1262 4016; x_wconf 93' lang='lat' dir='ltr'>lX,</span> 
     </span>
     <span class='ocr_line' id='line_1_37' title="bbox 143 4026 1262 4104; baseline -0.003 -14"><span class='ocrx_word' id='word_1_286' title='bbox 143 4037 187 4101; x_wconf 88' lang='grc'>18,</span> <span class='ocrx_word' id='word_1_287' title='bbox 203 4036 230 4091; x_wconf 84' lang='grc'>3.</span> <span class='ocrx_word' id='word_1_288' title='bbox 248 4067 281 4074; x_wconf 76' lang='lat'><em>—</em></span> <span class='ocrx_word' id='word_1_289' title='bbox 297 4036 322 4089; x_wconf 80' lang='lat'>4.</span> <span class='ocrx_word' id='word_1_290' title='bbox 341 4037 390 4089; x_wconf 58' lang='lat' dir='ltr'>,td</span> <span class='ocrx_word' id='word_1_291' title='bbox 407 4036 481 4101; x_wconf 74' lang='lat' dir='ltr'>All,</span> <span class='ocrx_word' id='word_1_292' title='bbox 498 4035 535 4101; x_wconf 88' lang='lat' dir='ltr'>X,</span> <span class='ocrx_word' id='word_1_293' title='bbox 552 4034 596 4101; x_wconf 87' lang='lat' dir='ltr'>lQ,</span> <span class='ocrx_word' id='word_1_294' title='bbox 609 4035 635 4088; x_wconf 89' lang='grc'>3.</span> <span class='ocrx_word' id='word_1_295' title='bbox 660 4066 693 4072; x_wconf 91' lang='grc'><strong>-</strong></span> <span class='ocrx_word' id='word_1_296' title='bbox 712 4035 740 4090; x_wconf 82' lang='grc'>5.</span> <span class='ocrx_word' id='word_1_297' title='bbox 755 4036 844 4104; x_wconf 84' lang='lat' dir='ltr'>ibid,</span> <span class='ocrx_word' id='word_1_298' title='bbox 862 4037 899 4102; x_wconf 92' lang='lat' dir='ltr'>X,</span> <span class='ocrx_word' id='word_1_299' title='bbox 915 4037 959 4101; x_wconf 88' lang='grc'>12,</span> <span class='ocrx_word' id='word_1_300' title='bbox 976 4039 1001 4092; x_wconf 86' lang='grc'>7.</span> <span class='ocrx_word' id='word_1_301' title='bbox 1019 4068 1051 4075; x_wconf 92' lang='grc'>-</span> <span class='ocrx_word' id='word_1_302' title='bbox 1067 4037 1093 4091; x_wconf 89' lang='grc'>6.</span> <span class='ocrx_word' id='word_1_303' title='bbox 1116 4026 1166 4089; x_wconf 65' lang='lat' dir='ltr'>le</span> <span class='ocrx_word' id='word_1_304' title='bbox 1182 4037 1210 4088; x_wconf 81' lang='lat' dir='ltr'>b.</span> <span class='ocrx_word' id='word_1_305' title='bbox 1231 4038 1262 4098; x_wconf 91' lang='lat' dir='ltr'>l.,</span> 
     </span>
     <span class='ocr_line' id='line_1_38' title="bbox 146 4119 1263 4190; baseline -0.002 -15"><span class='ocrx_word' id='word_1_306' title='bbox 146 4120 326 4176; x_wconf 80' lang='lat' dir='ltr'>Boolius—</span> <span class='ocrx_word' id='word_1_307' title='bbox 338 4121 364 4174; x_wconf 84' lang='lat'>7.</span> <span class='ocrx_word' id='word_1_308' title='bbox 383 4120 432 4174; x_wconf 74' lang='lat' dir='ltr'>Aa</span> <span class='ocrx_word' id='word_1_309' title='bbox 449 4121 524 4186; x_wconf 76' lang='lat' dir='ltr'>Aet,</span> <span class='ocrx_word' id='word_1_310' title='bbox 538 4120 605 4187; x_wconf 90' lang='lat' dir='ltr'>Xll,</span> <span class='ocrx_word' id='word_1_311' title='bbox 618 4119 645 4187; x_wconf 83' lang='grc'>6,</span> <span class='ocrx_word' id='word_1_312' title='bbox 662 4119 687 4173; x_wconf 95' lang='grc'>1.</span> <span class='ocrx_word' id='word_1_313' title='bbox 707 4150 740 4161; x_wconf 87' lang='lat'><em>-</em></span> <span class='ocrx_word' id='word_1_314' title='bbox 753 4122 779 4176; x_wconf 88' lang='lat'>8.</span> <span class='ocrx_word' id='word_1_315' title='bbox 795 4123 837 4176; x_wconf 87' lang='lat' dir='ltr'>De</span> <span class='ocrx_word' id='word_1_316' title='bbox 852 4121 935 4190; x_wconf 75' lang='lat' dir='ltr'>nin,</span> <span class='ocrx_word' id='word_1_317' title='bbox 951 4122 975 4186; x_wconf 92' lang='lat' dir='ltr'>l,</span> <span class='ocrx_word' id='word_1_318' title='bbox 992 4122 1036 4188; x_wconf 82' lang='lat'>12,</span> <span class='ocrx_word' id='word_1_319' title='bbox 1052 4122 1095 4176; x_wconf 80' lang='grc'>12.</span> <span class='ocrx_word' id='word_1_320' title='bbox 1113 4153 1147 4159; x_wconf 89' lang='grc'>-</span> <span class='ocrx_word' id='word_1_321' title='bbox 1166 4121 1192 4176; x_wconf 83' lang='grc'>9.</span> <span class='ocrx_word' id='word_1_322' title='bbox 1214 4121 1263 4173; x_wconf 55' lang='lat' dir='ltr'>,ld</span> 
     </span>
     <span class='ocr_line' id='line_1_39' title="bbox 143 4205 810 4275; baseline 0 -15"><span class='ocrx_word' id='word_1_323' title='bbox 143 4208 245 4275; x_wconf 73' lang='lat' dir='ltr'>Fano,</span> <span class='ocrx_word' id='word_1_324' title='bbox 263 4206 326 4272; x_wconf 92' lang='lat' dir='ltr'>XV,</span> <span class='ocrx_word' id='word_1_325' title='bbox 343 4207 386 4275; x_wconf 83' lang='lat'>19,</span> <span class='ocrx_word' id='word_1_326' title='bbox 401 4205 429 4260; x_wconf 85' lang='lat'>3.</span> <span class='ocrx_word' id='word_1_327' title='bbox 445 4236 479 4244; x_wconf 90' lang='lat'>—</span> <span class='ocrx_word' id='word_1_328' title='bbox 494 4205 537 4261; x_wconf 87' lang='lat'>10.</span> <span class='ocrx_word' id='word_1_329' title='bbox 558 4206 659 4272; x_wconf 74' lang='lat' dir='ltr'>Tusa,</span> <span class='ocrx_word' id='word_1_330' title='bbox 676 4205 727 4272; x_wconf 91' lang='lat' dir='ltr'>IV,</span> <span class='ocrx_word' id='word_1_331' title='bbox 743 4207 769 4274; x_wconf 85' lang='grc'>6,</span> <span class='ocrx_word' id='word_1_332' title='bbox 784 4206 810 4262; x_wconf 90' lang='grc'>2.</span> 
     </span>
    </p>
   </div>
   <div class='ocr_carea' id='block_1_5' title="bbox 0 0 1418 4808">
    <p class='ocr_par' dir='ltr' id='par_1_12' title="bbox 0 0 1418 4808">
     <span class='ocr_line' id='line_1_40' title="bbox 0 0 1418 4808; baseline 0 0"><span class='ocrx_word' id='word_1_333' title='bbox 0 0 1418 4808; x_wconf 95' lang='lat' dir='ltr'> </span> 
     </span>
    </p>
   </div>
  </div>
 </body>
</html>
