2828 4808
628 324 786 382 ..75-

140 457 271 520 bellum
290 456 434 535 geretur,
454 471 523 514 non
543 454 766 517 deeroolfioio
785 431 846 517 nec
863 453 1019 534 dignitati
1037 472 1129 531 meae,
1147 471 1269 535 pueros

93 582 96 595 ·
141 553 381 634 ὑπεκθέμενοςὶη
397 551 630 615 Graeciam¹.»
750 636 753 640 ι

183 656 362 732 Πειθανάγκη
383 651 497 713 suasio
520 651 678 714 violenta.
702 675 714 707 ‹
737 652 808 732 Ego
828 654 943 714 autem
962 669 1030 713 non
1049 654 1119 714 tam
1137 650 1271 732 γοητείαν

140 751 246 831 hujus
256 751 359 813 timeo
369 766 472 829 quam
482 753 681 831 πεῑθανάγκην.
691 753 729 813 Αἱ
740 753 796 832 γὰρ
809 757 864 812 τῶν
875 754 1015 832 τυράννων
1026 752 1145 829 δεήσεις,
1157 750 1272 830 inquit

141 852 281 926 Πλάτων,
297 845 368 910 οἷσθ’
385 851 426 909 ὅτι
444 853 614 928 μεμιγμέναι
631 849 766 928 ἀνάγκαις
778 849 801 909 ².
823 872 834 904 1

183 949 448 1028 Πολυγραφώτατος
463 944 521 1024 qui
537 945 682 1024 plurima
698 945 854 1025 scripsit;
871 947 911 1007 de
927 945 1077 1007 Varrone
1089 944 1113 1006 ³.

184 1046 360 1124 Σκιαμιχίαι
380 1041 579 1104 umbratiles
598 1061 719 1122 pugnae
739 1066 749 1098 ι
775 1060 857 1104 meae
877 1043 943 1104 illae
961 1043 1176 1105 vehementes
1195 1061 1272 1105 con-

141 1142 312 1206 tentiones
328 1143 489 1219 tanquam
503 1143 669 1224 carzpaglpr
686 1158 761 1203 esse
776 1138 968 1203 videnturl.
990 1165 1000 1196 ι

184 1239 317 1310 Quibus
338 1237 624 1318 frequentissimis
645 1239 820 1318 exemplis,
837 1238 904 1301 nisi
922 1238 1031 1313 fallor,
1050 1239 1196 1301 dilucide
1215 1257 1269 1320 ap-

143 1342 238 1419 paret
256 1340 381 1417 quanto
404 1336 538 1399 mollior
559 1339 601 1399 ad
623 1339 893 1417 componendum
913 1354 1019 1417 graeca
1042 1355 1144 1416 quam
1165 1338 1269 1400 latina

143 1437 189 1499 sit
207 1436 334 1515 lingua,
357 1435 491 1514 qualem
514 1453 590 1498 vero
610 1435 809 1497 brevitatem
826 1435 953 1514 junctis
972 1435 1111 1497 vocibus
1133 1438 1165 1497 et
1183 1453 1273 1497 com-

143 1535 264 1614 positis
284 1533 490 1595 dictionibus
513 1534 672 1594 assectari
701 1533 818 1612 possit.
842 1533 919 1596 Non
942 1533 1033 1594 enim
1057 1551 1116 1612 ego
1139 1534 1172 1594 id
1198 1551 1272 1595 esse

144 1632 286 1694 maximi
302 1633 461 1693 momenti
474 1632 584 1705 crede,
597 1632 685 1712 quod
697 1631 864 1693 cohaerent.
877 1634 909 1692 et
925 1631 1078 1692 inunum
1094 1632 1160 1692 duo
1172 1632 1274 1693 verba

143 1730 418 1810 conglutinantur
433 1748 440 1789 :
457 1746 523 1791 non
540 1729 645 1791 multo
659 1729 802 1791 celerius
816 1729 896 1790 dicit
909 1730 967 1808 qui
984 1732 1156 1810 σκιαμαχίας
1169 1746 1271 1807 quam

144 1828 203 1907 qui
221 1827 420 1889 umbratiles
439 1844 580 1905 pugnas
600 1827 665 1889 Sed
686 1845 762 1888 cum
782 1844 849 1888 una
867 1829 899 1888 et
916 1828 1032 1888 eadem
1051 1826 1272 1906 appellatione

144 1927 220 1988 duae
238 1926 389 2006 ejusdem
407 1925 582 2010 sententiae
599 1928 710 2005 partes
730 1929 980 2005 expromentur,
998 1928 1076 1987 tuuc
1097 1942 1161 1986 uno
1179 1942 1273 2004 pros-

133 2078 135 2082 ,
145 2027 244 2104 pectu
268 2042 365 2085 mens
385 2023 502 2086 ambas
518 2023 664 2103 concipit
679 2025 711 2085 et
727 2024 979 2103 comprehendit
995 2042 1002 2083 τ
1019 2023 1151 2085 duobus
1166 2023 1271 2084 animi

144 2123 322 2184 conatibus
340 2122 539 2201 intelligitur
557 2122 749 2184 umbratilis
766 2139 803 2183 ac
819 2139 943 2200 pugna,
962 2139 1029 2183 uno
1048 2124 1160 2184 autem
1177 2138 1273 2183 oons-

143 2223 243 2300 peotu
259 2223 429 2301 σκιαμιχίαν
444 2222 549 2282 totam
564 2221 731 2281 videmus,

185 2319 281 2381 Adde
302 2336 376 2397 quae
394 2318 521 2381 latinus
541 2336 663 2390 sermo,
681 2319 841 2397 quoniam
862 2318 1035 2398 participio
1055 2318 1200 2397 perlecto
1221 2335 1272 2379 ac-

144 2417 208 2479 tivi
228 2419 260 2478 et
280 2416 382 2478 medii
402 2416 496 2478 verbi
516 2418 616 2487 caret,
638 2419 736 2494 atque
756 2416 913 2495 praesenti
933 2416 1073 2495 passivi,
1091 2419 1122 2478 et
1143 2416 1271 2478 verbali

146 2514 322 2593 adjectivo,
340 2531 406 2576 una
420 2531 501 2575 voce
517 2513 705 2593 significare
722 2514 838 2592 nequit
856 2533 863 2575 :
883 2514 984 2589 velut,

186 2613 356 2692 ἀγέλαστος,
372 2612 431 2691 qui
447 2628 621 2691 nunquam
636 2611 711 2673 risit
722 2615 752 2686 5;

185 2714 358 2791 κρινόμενον,
375 2711 497 2788 dequo
514 2708 665 2789 agitur⁶;
762 2763 764 2766 1

187 2809 331 2882 ἀδύνατον,
347 2808 438 2887 quod
452 2807 525 2868 fieri
542 2824 609 2868 non
623 2809 733 2887 potest
744 2811 774 2881 ⁷3

186 2901 410 2984 ἀζηλοτύπητον,
428 2905 481 2967 cui
498 2922 596 2966 nemo
613 2905 742 2968 invidet
753 2907 784 2980 ⁸3

185 3006 398 3079 dracolenus,
418 3004 508 3081 quod
524 3004 763 3082 comprehendi
780 3022 846 3065 non
863 3004 972 3083 potest
985 3001 1017 3077 ⁹3

184 3104 355 3185 εὖποριστος,
373 3102 462 3181 quod
477 3102 574 3170 facile
591 3102 770 3182 impetrare
789 3103 899 3182 possis
909 3104 947 3163 ¹⁰.

185 3201 248 3263 Cui
270 3201 390 3280 inopiae
412 3200 614 3261 subvenient
632 3203 748 3279 postea
771 3201 950 3280 scriptores
972 3201 1021 3263 illi
1039 3201 1095 3280 qui
1116 3200 1272 3278 frequen-

142 3299 278 3362 tissima
296 3301 327 3360 et
346 3297 586 3359 molestissima
602 3298 661 3360 illa
681 3299 845 3379 adiectiva
860 3299 1033 3379 eitingenl,
1050 3301 1124 3378 quae
1140 3297 1272 3360 conclu-

144 3398 271 3458 duntur
290 3396 382 3457 exitu
405 3419 416 3450 ‹
436 3395 515 3457 bilis
536 3419 561 3469 1,
583 3395 671 3457 sicut
691 3402 1060 3471 incomprehensibllis.
1081 3396 1162 3468 Quae
1179 3396 1270 3457 haud

144 3496 215 3557 scio
231 3512 274 3556 an
290 3511 406 3556 revera
421 3494 526 3555 latina
541 3494 621 3555 sint.

184 3593 224 3655 Id
238 3592 340 3672 igitur
358 3594 428 3654 erat
447 3591 609 3654 Romanae
624 3587 747 3673 linguae
763 3593 937 3673 ingenium
953 3597 990 3656 ut
1005 3611 1091 3668 eam,
1108 3593 1268 3655 Cicerone

144 3692 289 3773 vigente,
305 3691 377 3772 jam
395 3692 490 3752 aetate
509 3693 701 3770 provectam
720 3692 812 3754 nulla
830 3693 884 3754 vis
901 3693 1060 3768 humana,
1078 3693 1130 3754 vel
1148 3691 1273 3772 privati

181 3932 207 3986 1.
229 3895 448 3997 11111111,
464 3931 508 3997 11,
524 3930 633 3986 1,-1.
650 3932 740 3998 rora,
757 3934 808 3999 rx,
825 3933 870 3998 13,
886 3933 956 3986 a-
971 3932 997 3989 3.
1016 3933 1106 4000 1111,
1125 3932 1207 3998 xiii,
1226 3931 1271 3986 rs.

144 4016 216 4070 -a
233 4017 398 4079 11111111,
414 4016 466 4082 xr,
481 4014 525 4082 11,
540 4016 649 4072 1.-5.
666 4017 804 4090 bearn„
816 4019 851 4083 1,
866 4018 910 4085 ao,
924 4020 970 4074 oa.
982 4020 1051 4074 -a
1071 4017 1189 4085 onec,
1205 4016 1269 4071 rao.

145 4101 220 4156 ..1.
235 4101 286 4154 111
302 4101 376 4165 nra,
390 4100 414 4167 1,
428 4100 454 4166 1,
470 4101 584 4156 a-a.
601 4102 691 4168 1111,
708 4103 894 4170 11111111.
912 4135 946 4142 -
960 4104 986 4160 o.
1004 4105 1113 4169 1111,
1130 4103 1170 4170 11,
1185 4102 1212 4171 c,
1226 4101 1270 4157 ra.

150 4217 184 4225 -
205 4185 248 4242 10.
269 4185 409 4251 111111,
429 4185 495 4253 111,
509 4186 536 4254 1,
552 4185 579 4241 7.
