2828 4808
722 454 761 470 -
781 426 802 485 4
824 455 861 470 ..
1310 505 1312 508 Ι

222 573 326 618 unam
346 572 419 618 rem
440 555 646 636 significent,
673 557 813 619 eandem
840 574 919 620 vero
943 574 1050 619 unum
1073 575 1238 639 graecum3
1264 576 1349 621 num

223 653 323 717 flores
343 671 410 716 non
426 653 637 734 distinguant
654 671 846 717 sermonem
863 654 1019 731 latinum,
1039 656 1210 736 pigmenta
1232 659 1348 720 autem

221 768 367 832 graecum
382 752 540 827 colorent,
557 755 589 815 et
606 752 736 814 lumina
756 752 927 816 illustrent
943 772 951 814 :
967 770 1071 833 quare
1087 771 1216 834 graecus
1232 773 1346 819 sermo

221 867 299 912 cum
314 867 452 913 romano
468 850 566 913 nohis
581 851 727 929 quodam
749 851 848 913 modo
864 851 928 914 erit
941 851 1177 914 conferendus

261 947 404 1010 Externi
422 948 574 1028 cujusvis
591 949 758 1011 sermonis
777 949 929 1011 studium
949 950 981 1012 et
997 966 1082 1010 usus
1097 953 1242 1028 quantas
1256 951 1293 1012 in
1310 968 1347 1014 se

220 1046 363 1109 virtutes
384 1047 516 1122 habeat,
537 1047 609 1109 sive
629 1047 670 1109 ad
691 1047 838 1128 patrium
860 1065 1051 1110 sermonem
1072 1047 1260 1124 ditandum,
1283 1067 1354 1112 seu-

222 1145 263 1206 ad
285 1144 423 1207 alendas
443 1145 569 1226 ingenii
593 1136 682 1207 vires
702 1148 735 1208 et
756 1147 941 1226 augendas,
962 1146 1151 1225 complures
1175 1146 1240 1209 viri
1265 1151 1298 1210 et
1320 1148 1345 1209 ii

222 1243 344 1306 eruditi
373 1260 603 1323 saepenumero
630 1244 845 1325 collegerunt.
874 1243 1024 1316 Quorum
1055 1245 1096 1306 ad
1127 1245 1226 1307 effata
1253 1246 1347 1308 locu·

220 1340 342 1420 pletem
370 1343 491 1405 testem
513 1341 665 1404 Tullium
691 1345 724 1405 et
749 1360 945 1423 pergravem
969 1345 1140 1405 auctorem
1164 1343 1342 1421 addemus,
1397 1407 1406 1420 ,

220 1439 343 1520 quippe
357 1439 454 1519 cujns
473 1440 509 1501 in
524 1440 681 1519 operibus
696 1441 885 1503 discernere
904 1440 949 1503 sit
964 1441 1023 1520 qui
1041 1442 1074 1503 et
1088 1440 1199 1520 qualis
1213 1445 1246 1504 et
1260 1459 1344 1521 quo·

220 1539 276 1598 tus
300 1527 430 1600 fructus
456 1555 498 1600 ex
519 1537 576 1599 illa
600 1538 839 1601 exercitatione
864 1540 897 1602 et
919 1538 1061 1601 scientia
1087 1539 1129 1602 ab
1155 1539 1344 1620 ingeniosis

169 1659 172 1666 ·
219 1637 319 1714 atque
339 1634 557 1716 diligentibus
577 1636 848 1700 adolescentibus
868 1636 992 1717 percipi
1012 1637 1131 1716 possit.

259 1731 384 1796 Graecae
410 1737 523 1798 autem
550 1734 670 1797 litterae
696 1739 728 1798 et
756 1735 872 1816 lingua
897 1736 939 1798 ad
964 1735 1189 1815 effingendam
1216 1737 1344 1800 mentis

219 1832 463 1895 humanitatem
479 1833 639 1896 eximiam
652 1834 828 1896 valeantne
844 1850 967 1908 annon,
981 1833 1190 1913 grammatici
1203 1835 1342 1912 quidem

220 1946 287 1992 non
303 1929 374 2009 jam
394 1930 484 1993 inter
503 1948 538 1993 se
558 1933 701 2007 certant,
722 1949 869 1994 necnon
889 1931 998 1994 adhuc
1021 1933 1133 1993 tamen
1157 1932 1255 2011 quasi
1276 1934 1341 1997 sub

215 2027 386 2107 judicalis
404 2030 466 2092 est.
485 2027 599 2092 Cicero
613 2030 712 2093 nobis
729 2029 876 2110 insignia
891 2030 1092 2091 documenta
1104 2046 1164 2091 neo
1182 2046 1343 2109 superva-

218 2143 320 2189 canoa
334 2127 571 2207 suppeditabit.
960 2139 962 2144 ’
