2828 4808
630 322 789 384 ..79-

140 470 230 527 mos,
246 470 352 533 quum
366 452 519 515 inhibere
536 455 650 516 essent
669 454 813 534 remiges
827 454 916 534 jussi
934 455 993 516 :id
1010 472 1076 517 non
1093 473 1167 518 esse
1184 456 1273 536 ejus-

141 552 236 614 modi
259 550 361 612 didici
389 550 478 626 beri,
508 552 650 613 eumad
679 552 795 614 villam
823 555 974 614 nostram
1002 553 1100 615 naris
1129 554 1273 634 appelle-

140 653 257 725 retur3
279 667 346 711 non
369 650 461 711 enim
483 651 663 725 sustinent,
687 652 747 713 sed
767 651 832 714 alio
852 651 959 713 modo
974 651 1149 732 remigant.
1172 653 1210 714 Id
1231 652 1272 714 ab

141 751 236 832 ἐποχῇ
254 747 521 810 remotissimum
538 751 588 810 est
605 767 612 809 :
629 747 739 818 Quare
753 749 855 811 facies
868 753 906 811 ut
923 749 970 811 ita
981 749 1025 810 sit
1040 749 1075 810 in
1091 750 1177 812 libro
1194 768 1274 830 que-

141 847 363 908 madmodum
383 845 457 908 fuit.
479 845 581 908 Dices
600 846 662 908 hoc
679 847 769 909 idem
787 847 944 919 Varroni,
962 847 991 909 si
1013 846 1097 910 torte
1116 849 1272 911 mutavit.

141 945 214 1007 Nec
229 945 280 1006 est
295 944 417 1006 melius
433 944 625 1024 quicquam,
642 935 745 1025 quam
761 947 798 1007 ut
812 945 978 1008 Lucilius.

235 1139 392 1196 Sustineat
407 1155 530 1196 currum
546 1144 581 1196 ut
594 1141 691 1197 bonu’
708 1157 787 1214 saepe
802 1142 945 1214 agitator,
962 1158 1130 1216 equosque,

144 1354 346 1416 semperque
362 1335 550 1398 Carneades
564 1340 706 1420 προόολὴν
723 1338 847 1418 pugilis
863 1340 895 1401 et
910 1339 1133 1402 retentionem
1149 1339 1273 1420 aurigae
1339 1371 1341 1374 v

144 1435 295 1497 similem
311 1434 390 1496 facit
405 1437 494 1519 ἐποχῇ
512 1453 519 1495 :
538 1436 694 1498 inhibitio
711 1439 823 1498 autem
841 1437 1008 1518 remigum
1025 1442 1155 1500 motum
1172 1438 1274 1501 habet

145 1536 179 1596 et
193 1533 480 1595 vehementiorem
500 1534 636 1612 quidem
656 1535 888 1614 remigationis
907 1553 1028 1598 navem
1046 1532 1274 1599 convertentis

144 1632 187 1693 ad
210 1631 360 1710 puppim.
382 1631 486 1693 Vides
507 1634 632 1710 quanto
654 1631 716 1694 boc
741 1633 935 1713 diligentius
956 1651 1071 1696 curem
1092 1652 1194 1714 quam
1216 1637 1274 1697 aut

144 1731 187 1791 de
208 1747 343 1790 rumore
363 1732 420 1791 aut
440 1729 479 1791 de
501 1729 665 1804 Pollione,
683 1731 723 1792 de
738 1731 850 1792 Pansa
865 1732 1005 1794 etiam...
1027 1756 1039 1788 ι

190 1825 389 1906 Ἐπισταθμία.
415 1850 427 1882 «
453 1825 567 1888 Habes
589 1827 792 1907 hospitium,
817 1829 888 1890 sive
911 1831 1095 1910 ἑπισταθμίαν
1121 1830 1273 1893 odiosam

145 1925 243 1999 mibi,
261 1925 343 1999 dixi,
365 1942 431 1986 non
454 1925 661 1987 molestam¹.
684 1950 695 1981 a
717 1924 871 2005 Hospitio
893 1928 1273 2008 supposuit'icrcratplar

144 2027 183 2086 ut
198 2022 358 2085 subtilius
373 2023 587 2097 vocabulum,
605 2025 694 2104 quod
711 2025 876 2105 significat
894 2049 905 2080 ι
926 2026 1110 2088 necessitas
1127 2027 1272 2106 hospitio

144 2121 328 2202 recipiendi
345 2121 485 2183 comites
498 2122 662 2202 principis
678 2125 735 2184 aut
750 2123 866 2202 legati,
888 2148 899 2179 »
918 2123 1027 2203 (Em.)
1044 2125 1131 2201 quod
1147 2142 1224 2185 curn
1240 2142 1273 2185 re

130 2220 310 2299 congruit,
331 2220 491 2298 quoniam
511 2219 552 2282 de
572 2219 703 2282 Caesare
724 2223 757 2282 et
778 2221 851 2300 ejus
874 2221 1055 2282 comitibus
1074 2222 1163 2301 apud
1183 2221 1274 2284 Cice-

145 2335 263 2379 ronem
279 2317 421 2398 receptis
437 2317 569 2379 dicitur.
585 2317 714 2380 Gallice
730 2318 828 2380 nihil.

187 2416 329 2496 Εὐγένεια.
353 2439 364 2471 r
388 2415 482 2478 Nihil
501 2416 642 2492 errabis,
663 2417 691 2478 si
711 2416 823 2496 paullo
844 2416 1052 2497 diligentius
1074 2420 1111 2479 ut
1131 2417 1212 2496 quid
1230 2418 1274 2480 sit

143 2515 278 2594 εὐγένεια,
298 2513 380 2592 quid
400 2513 444 2575 sit
464 2514 623 2576 nobilitas
640 2515 820 2594 intelligas,
843 2515 1081 2577 Athenodorus
1102 2515 1272 2578 Sandonis

144 2612 244 2674 tilius
260 2612 342 2691 quid
364 2612 404 2673 de
427 2611 480 2673 his
500 2612 602 2674 rebus
624 2613 713 2674 dicat
734 2613 917 2675 attenderis
931 2613 954 2674 2.
981 2637 992 2668 i
1014 2612 1157 2675 Generis
1180 2613 1274 2676 nobi-

142 2713 234 2774 litas.
256 2710 383 2773 Gallice
404 2711 536 2772 nullum
559 2714 673 2790 aptum
695 2711 898 2774 vocabulum
920 2712 1026 2774 adest.
1047 2711 1097 2773 Gt.
1119 2711 1272 2788 Boileau,

143 2813 264 2873 Satira
286 2813 315 2870 V
326 2826 392 2871 sar·
408 2815 443 2871 lo
460 2812 633 2872 Nobiesse.

184 2905 319 2981 Εὔήθεια.
344 2926 355 2958 ι
375 2904 510 2980 libitam
530 2904 719 2984 Sempronii
737 2904 815 2967 Ruti
836 2904 976 2984 cognovi
997 2922 1038 2967 ex
1056 2904 1199 2984 epistola
1215 2906 1274 2967 tua

141 3000 351 3079 Corcyraeai.
374 3000 450 3061 »De
466 3001 581 3080 probis
600 3000 798 3064 bominibus
815 3001 872 3081 qui
891 3001 975 3063 alios
996 3018 1038 3062 ex
1056 3001 1273 3080 simplicitate

140 3113 206 3158 sua
232 3094 419 3156 metiuntur
444 3095 586 3174 ideoque
613 3096 838 3176 decipiuntur.
868 3095 978 3176 (Em.)
1006 3095 1135 3158 Gallice
1165 3119 1176 3152 ι
1204 3100 1274 3157 nai·

140 3193 217 3256 vet&
245 3217 271 3255 r.

183 3293 320 3371 Εὐλογία.
350 3315 362 3347 «
388 3292 518 3354 Lucum
542 3292 739 3354 bominibus
765 3311 831 3354 non
856 3310 937 3354 sane
959 3293 1081 3372 probo,
1108 3293 1198 3371 quod
1222 3295 1274 3355 est

140 3390 321 3466 desertior,
352 3391 410 3452 sed
435 3389 536 3452 babet
560 3391 691 3470 εὐλογίαν
707 3390 728 3452 ⁴.
756 3415 767 3447 r
798 3390 992 3454 Probabilis
1018 3391 1113 3452 ratio,
1141 3391 1270 3453 Gallice

140 3487 239 3549 nibil.
333 3544 335 3548 ,

181 3587 368 3662 Ζηλοτυπεῖν.
392 3609 402 3640 ι
423 3585 514 3647 Scire
530 3586 627 3665 cupio
643 3603 743 3664 quem
760 3587 967 3648 intellexeris
985 3587 1025 3648 ab
1042 3603 1080 3647 eo
1094 3586 1271 3664 (Varrone,

139 3683 199 3762 qui
216 3684 429 3746 desiderabat
444 3684 509 3745 sibi
529 3685 659 3745 nullum
677 3684 802 3746 librum
822 3685 1044 3764 adscripsisse
1059 3684 1272 3764 Ciceronem)

140 3785 381 3860 ζηλετυπεῖσθαι,
413 3782 478 3842 nisi
508 3782 592 3845 for'ie
621 3783 778 3844 Brutum.
816 3807 827 3839 o
856 3818 894 3825 —
925 3806 937 3837 a
965 3781 1073 3853 Quem
1101 3784 1273 3860 ζηλοτυπεῖν

140 3879 316 3969 (intelligis
336 3881 535 3960 Varronem)
556 3881 621 3942 nisi
646 3880 728 3942 torte
750 3881 905 3954 Brutum,
922 3898 1022 3959 quem
1045 3880 1074 3941 si
1096 3897 1163 3941 non
1186 3883 1273 3957 ζηλο-

161 4068 1270 4166 aAemaxmcaa-alemmamuaa-alama

142 4183 695 4252 mam-amandat
