2828 4808
489 897 733 962 SECUNDUM
755 898 912 962 CAPUT.

135 1174 260 1234 QUIBUS
278 1179 314 1225 IN
331 1177 479 1223 SCRIPTIS
496 1177 538 1222 ΕΤ
560 1175 725 1230 QUALIBUS
742 1176 777 1222 IN
798 1175 968 1223 EPISTOLIS
988 1176 1107 1222 GRAEcu
1128 1176 1259 1223 uuslur.

178 1555 379 1636 Quanquam
405 1553 450 1616 M.
475 1553 608 1616 Tullius
633 1553 750 1634 graecis
778 1553 951 1616 vocabulis
975 1571 1064 1635 saepe
1091 1571 1175 1616 usus
1199 1557 1261 1629 est„

134 1657 251 1717 tamen
272 1671 339 1715 non
360 1653 496 1737 inopem
517 1668 591 1714 esse
615 1651 755 1714 latinam
776 1652 927 1732 linguam
947 1652 1134 1728 existimat,
1156 1652 1261 1714 immo

134 1751 388 1831 locupletiorem
415 1767 489 1813 eam
513 1768 588 1813 esse
609 1767 711 1830 quam
732 1767 874 1830 graecam
896 1750 1078 1829 aliquando
1103 1750 1261 1813 affirmat.

180 1874 191 1907 ι
218 1850 270 1911 Ex
288 1867 327 1912 eo
341 1849 440 1912 credo
458 1848 662 1928 quibusdam
679 1866 742 1910 usu
760 1849 872 1911 venire
889 1851 926 1910 ut
940 1849 1141 1911 abhorreant
1156 1865 1175 1910 a
1190 1848 1264 1910 lati-

135 1949 205 2023 nia,
221 1947 312 2027 quod
328 1947 508 2011 inciderint
526 1947 562 2009 iu
580 1946 707 2008 inculta
722 1947 876 2026 quaedam
892 1949 924 2009 et
941 1947 1088 2020 horrida,
1105 1948 1145 2009 de
1165 1946 1263 2008 malis

134 2048 256 2129 graecis
279 2045 381 2108 latine
403 2045 527 2126 scripta
551 2045 710 2108 deterius.
737 2045 870 2117 Quibus
893 2063 953 2126 ego
975 2045 1158 2120 assentior,
1182 2045 1263 2106 dum

134 2145 238 2208 modo
258 2144 299 2206 de
317 2143 439 2206 iisdem
458 2142 559 2206 rebus
578 2160 620 2206 ne
639 2143 775 2206 Graecos
794 2143 932 2224 quidem
954 2144 1113 2225 legendos
1132 2144 1261 2222 putent.

133 2243 207 2306 Res
232 2259 311 2306 vero
335 2242 458 2318 bonas,
483 2241 597 2305 verbis
623 2242 738 2305 electis
764 2242 912 2322 graviter
936 2246 1119 2322 ornateque
1144 2241 1262 2316 dictas,

133 2341 215 2422 quis
230 2358 298 2403 non
312 2340 425 2421 legati
440 2340 507 2403 nisi
522 2340 581 2420 qui
596 2357 632 2402 se
646 2340 744 2421 plane
760 2357 907 2421 graecum
923 2341 988 2404 dici
1005 2341 1086 2403 velit
1099 2342 1122 2416 ¹,
1193 2339 1263 2420 Ego

134 2442 250 2502 autem
275 2438 390 2501 mirari
418 2438 502 2501 satis
528 2456 595 2501 non
618 2455 721 2519 queo,
747 2438 836 2502 unde
859 2438 922 2502 hoc
949 2438 994 2501 sit
1020 2441 1089 2500 tam
1114 2437 1264 2500 insolens

133 2538 398 2602 domesticarum
411 2555 524 2600 rerum
540 2537 726 2600 fastidium.
740 2538 816 2601 Non
832 2540 883 2600 est
898 2538 1035 2600 omnino
1051 2537 1106 2599 bic
1122 2535 1263 2600 docendi

132 2636 250 2711 locus;
268 2637 328 2700 sed
346 2636 393 2699 ita
411 2636 520 2699 sentio
540 2638 573 2699 et
592 2653 679 2716 saepe
699 2635 846 2704 disserui
864 2636 1005 2698 latinam
1024 2635 1176 2716 linguam
1197 2652 1264 2697 non

135 2735 237 2798 modo
272 2752 340 2798 non
372 2734 524 2815 inopem,
557 2737 593 2797 ut
620 2733 719 2814 vulgo
750 2736 889 2814 putant,
918 2734 976 2797 sed
1007 2733 1263 2814 locupletiorem

134 2832 239 2896 etlam
256 2850 331 2896 esse
352 2849 455 2913 quam
473 2849 627 2913 graecam.
649 2832 791 2904 Quando
813 2832 905 2895 enim
929 2832 1044 2907 nobis,
1068 2831 1121 2895 vel
1140 2831 1263 2907 dicam,

133 2933 195 2994 aut
215 2931 406 2994 oratoribus
427 2931 527 2994 bonis
551 2933 609 2994 aut
630 2931 754 3010 pactu,
777 2931 893 3011 postea
915 2930 1054 3010 quidem
1077 2947 1179 3009 quam
1200 2928 1265 2991 fuit

134 3043 238 3110 quem
256 3029 483 3105 imitarentur,
499 3028 590 3091 ullus
608 3029 771 3092 orationis
793 3030 844 3091 vel
864 3027 1007 3108 copiosae
1029 3028 1082 3091 vel
1103 3027 1265 3108 elegantis

134 3129 277 3191 ornatus
291 3126 428 3190 deluit?

177 3248 190 3281 ι
216 3224 285 3305 Ego
304 3242 395 3301 vero„
419 3224 579 3305 quoniam
601 3220 795 3288 forensibus
817 3225 946 3305 operia,
971 3223 1156 3298 laboribuS‚
1178 3222 1266 3302 peri-

132 3323 221 3386 culis
237 3341 303 3385 non
315 3324 507 3386 deseruisse
522 3322 606 3385 mihi
621 3323 737 3385 videor
750 3323 958 3403 praesidium,
970 3323 1005 3384 in
1022 3338 1088 3402 quo
1104 3339 1123 3383 a
1138 3319 1262 3400 populo

132 3417 274 3484 romano
294 3421 423 3484 locatus
445 3438 534 3496 sum,
552 3420 657 3483 debeo
676 3420 836 3500 profecto,
854 3423 1166 3500 quantumcumque
1188 3435 1266 3498 pos-

131 3537 223 3594 sum,
243 3519 279 3581 in
298 3537 337 3583 eo
356 3536 490 3600 quoque
510 3519 692 3594 elaborare,
716 3520 753 3582 ut
772 3519 842 3582 siut
864 3535 976 3599 opera,
1000 3517 1126 3594 studio,
1148 3517 1263 3579 labore

131 3633 208 3680 meo
226 3617 391 3680 doctiores
405 3614 496 3680 cives
513 3617 596 3693 mei,
613 3635 673 3679 nec
688 3635 766 3678 cum
781 3617 858 3679 istis
874 3618 966 3678 lanto
983 3633 1082 3696 opere
1098 3631 1264 3700 pugnare,

129 3716 190 3797 qui
205 3733 311 3796 graeca
324 3717 433 3797 legere
451 3715 581 3790 malint
599 3716 698 3777 modo
717 3715 828 3795 legant
844 3716 902 3777 illa
918 3715 1003 3794 ipsa,
1023 3731 1064 3776 ne
1081 3713 1263 3785 simulent,

128 3816 164 3877 et
182 3814 226 3877 iis
244 3814 371 3878 seruire
389 3814 446 3894 qui
464 3814 517 3877 vel
533 3815 685 3894 utrisque
703 3812 825 3876 litteris
846 3813 895 3875 uti
916 3813 1031 3888 velint,
1049 3813 1113 3887 vel,
1131 3812 1160 3874 si
1176 3828 1258 3873 suas

127 3913 267 3988 habent,
283 3913 359 3975 illas
374 3929 442 3975 non
458 3929 579 3993 magno
594 3929 693 3992 opere
709 3911 899 3973 desiderent
911 3911 934 3973 ².
964 3935 975 3968 ι

163 4113 191 4169 1.
211 4113 257 4168 Da
271 4113 368 4170 Lucili
380 4112 521 4170 versibuu
534 4112 576 4168 ibi
592 4128 611 4166 a
623 4112 766 4168 Cicerone
783 4111 893 4177 uitalia,
909 4111 979 4167 vide
994 4126 1098 4183 supra.
1117 4141 1150 4150 -
1165 4110 1192 4166 2.
1211 4112 1254 4166 De

128 4196 278 4266 Finibus)
296 4199 320 4265 Ι,
336 4197 364 4265 3,
380 4197 408 4254 8.
663 4206 665 4210 “
