2828 4808
651 288 810 352 -10-

207 423 288 496 Quae
308 426 537 501 accaronitis
555 423 783 504 appellatur¹;
804 421 863 503 qui
880 427 1157 486 aomorodromoc
1175 439 1299 486 vocan-

166 523 242 586 tur²
250 543 259 598 3
272 521 424 586 Poecile³
432 541 441 598 3
454 519 620 598 Hilotae‘3
634 520 879 597 Chalcioicos⁵3
894 523 1145 597 Ciciliarcaas⁶3
1159 524 1297 598 morai,

165 624 245 686 acta
255 619 280 698 ⁸,
297 638 477 694 acroama,
496 623 721 698 aaaoaostes,
738 623 911 684 tenesmos
918 622 940 696 ⁹,
957 621 1143 702 ὀστρακισμόν
1152 623 1189 697 ¹⁰,
1205 643 1298 705 προσ-

163 723 277 798 κύνησιν
290 721 326 783 ¹¹.
350 719 431 783 Haec
450 721 570 783 autem
595 720 661 783 duo
685 736 790 800 graece
814 717 937 799 scripta
956 717 1059 782 verba
1077 717 1298 782 vehementer

165 818 293 881 criticis
312 818 502 898 displicent.

206 917 252 980 Ut
269 915 351 979 Cato
366 916 555 992 historiam,
573 917 620 979 ita
639 917 781 997 scriptor
796 918 990 979 Rhetorica
1007 920 1053 978 aa
1066 919 1296 980 Herennium

166 1014 369 1078 rhetoricam
398 1016 434 1078 in
464 1015 607 1079 latinum
639 1032 829 1078 sermonem
863 1013 1061 1077 introduxit.
1092 1013 1296 1095 Quanquam

168 1130 325 1177 navares
345 1115 427 1188 erat,
450 1111 553 1177 latine
569 1112 739 1192 loquiille
761 1129 866 1175 ausus
882 1114 943 1188 est,
961 1118 1069 1191 n'eque
1090 1113 1131 1174 ad
1150 1129 1294 1193 graecam

165 1211 317 1291 linguam
340 1211 529 1292 confugere.
552 1212 694 1273 Perrara
717 1213 796 1272 sunt
818 1211 920 1273 verba
943 1227 986 1272 ex
1007 1227 1112 1290 graeco
1135 1210 1227 1274 fonte
1250 1210 1293 1273 ab

167 1309 230 1373 hoo
246 1309 407 1389 scriptore
423 1311 557 1390 sumpta
573 1328 580 1371 :

210 1432 221 1464 ι
248 1406 541 1479 Quemadmodum
559 1407 618 1488 qui
637 1407 767 1471 litteras
782 1407 893 1470 sciunt
907 1408 1050 1488 possunt
1068 1406 1104 1469 id
1119 1408 1210 1488 quod
1224 1407 1292 1470 dic-

167 1509 275 1570 tatum
290 1508 341 1569 est
360 1506 506 1571 scrihere
522 1509 555 1570 et
571 1507 711 1570 recitare
726 1507 816 1586 quod
831 1506 1039 1586 scripserunt
1055 1524 1062 1567 :
1079 1506 1126 1568 113
1140 1505 1198 1586 qui
1220 1529 1291 1586 μνη-

166 1607 266 1685 μονικὰ
287 1604 488 1680 didicerunt,
509 1607 651 1687 possunt
673 1622 747 1684 quar
768 1604 947 1667 audierunt
966 1603 1001 1666 in
1024 1603 1107 1667 locis
1127 1604 1291 1668 collocare

166 1705 254 1766 etex
269 1702 324 1765 his
339 1704 532 1767 memoriter
546 1703 764 1784 pronuntiare
772 1703 809 1764 ¹².
830 1726 842 1759 »
860 1701 924 1784 (af.
938 1702 1000 1778 III,
1015 1703 1066 1767 24.
1083 1701 1243 1782 Ibidem.)

207 1824 219 1857 ι
245 1800 504 1878 ConclusioneS,
529 1819 604 1882 quae
628 1802 716 1881 apud
742 1800 877 1865 Graecos
905 1802 1033 1882 ἐπίλογοι
1058 1800 1289 1877 1101111113111111,

166 1899 340 1979 tripartitae
356 1902 436 1963 sunt
448 1901 484 1963 ¹³.
510 1923 536 1956 »-
606 1917 609 1923 ’

206 1996 298 2060 Solet
319 2000 432 2061 autem
455 1998 514 2078 qui
537 2002 582 2060 ad
606 2002 833 2061 Herenniano
849 1999 1073 2061 Rhetoricam
1101 1998 1291 2077 composuit

165 2113 271 2176 graeca
286 2097 423 2158 nomina
437 2096 553 2160 latinis
569 2097 681 2160 verbis
696 2097 889 2160 transferre.
906 2097 981 2177 Ipse
998 2097 1084 2159 hanc
1100 2113 1198 2159 suam
1214 2114 1292 2159 con·

70 2218 72 2223 ·
137 2267 140 2271 ,
166 2194 381 2258 suctudmem
394 2194 545 2276 protulit.

208 2315 220 2348 ι
238 2293 384 2355 Nomina
397 2311 509 2357 rerum
523 2311 628 2375 graeca
641 2312 715 2374 quae
728 2293 969 2368 convertimus,
984 2310 1022 2356 ea
1036 2295 1163 2356 remota
1176 2296 1257 2356 sunt
1272 2311 1290 2356 a

166 2392 420 2454 consuetudine.
436 2393 517 2465 Quae
533 2392 623 2456 enim
644 2411 698 2456 res
713 2393 801 2473 apud
815 2395 949 2455 nostros
967 2409 1034 2454 non
1050 2393 1155 2466 erant,
1173 2409 1290 2455 earum

166 2506 279 2550 rerum
295 2489 434 2552 nomina
447 2508 514 2553 non
526 2493 680 2572 poterant
695 2509 768 2554 esse
782 2491 916 2554 usitata.
931 2490 1018 2571 Ergo
1033 2489 1103 2552 haec
1120 2485 1291 2570 asperiora

165 2587 274 2667 primo
289 2588 466 2652 videantur
480 2606 617 2654 necesse
638 2592 699 2665 est,
716 2589 817 2670 idque
837 2589 894 2653 fiet
909 2589 970 2665 rei,
987 2605 1054 2651 non
1070 2590 1184 2651 nostra
1203 2588 1290 2651 dilli-

166 2685 288 2749 cultate
303 2683 341 2749 ⁴⁴.
362 2711 373 2744 1

206 2783 287 2856 Quae
311 2786 483 2850 excusatio
509 2805 577 2850 non
600 2787 746 2850 multum
770 2787 865 2850 abest
891 2786 933 2849 ah
958 2785 1016 2847 1113
1039 2783 1190 2847 Lucretii
1213 2783 1290 2847 Cari

167 2884 394 2961 excusatione,
411 2890 451 2948 aa
466 2891 602 2950 noram
619 2889 755 2949 catara
770 2903 905 2949 carmen
925 2883 1119 2965 incipientis
1133 2884 1174 2964 (Ι,
1191 2884 1264 2964 136)
1281 2903 1288 2944 :

273 3035 336 3091 Nec
350 3051 398 3091 me
414 3036 509 3091 animi
524 3035 603 3092 fallit
618 3036 781 3092 Graiorum
797 3037 927 3092 obscura
942 3039 1059 3110 reperta

274 3119 408 3175 Difficile
422 3119 576 3176 illustrare
591 3120 696 3176 latinis
712 3121 852 3177 versibus
867 3135 943 3187 esse,

275 3204 375 3261 Multa
389 3205 478 3261 novis
493 3205 595 3261 verbis
610 3205 779 3276 praesertim
795 3222 865 3262 oum
881 3206 922 3262 sit
936 3205 1099 3278 agendum.

276 3290 405 3362 Propter
419 3292 583 3361 egestatem
598 3289 712 3362 linguae
727 3294 756 3345 et
770 3307 871 3346 rerum
886 3291 1065 3347 novitatem.

170 3429 202 3490 ei
216 3428 289 3508 (III,
305 3428 378 3509 259)
397 3447 405 3490 τ

503 3523 665 3579 Rationem
679 3523 802 3579 reddere
818 3527 959 3579 aventem

275 3609 438 3665 Abstrahit
451 3609 584 3665 invitum
599 3609 690 3681 patrii
706 3610 856 3666 sermonis
872 3611 1000 3682 egestas.

204 3822 231 3878 1.
253 3823 354 3894 Procs.
384 3822 443 3895 (ed.
472 3824 649 3897 Nipperdey
657 3839 666 3894 ;
684 3825 797 3890 Berlin,
820 3823 913 3896 1885).
936 3855 972 3866 -
990 3825 1018 3881 2.
1039 3823 1133 3889 Mitt,
1155 3824 1182 3889 4,
1207 3822 1234 3879 3.
1257 3853 1292 3864 -

169 3907 197 3963 3.
221 3906 313 3973 ibid,
331 3908 358 3977 6,
378 3908 406 3964 3.
424 3937 456 3978 ε
476 3909 503 3964 4.
527 3911 637 3975 Paos,
656 3909 683 3977 3,
702 3909 729 3964 6.
745 3911 816 3966 -5.
834 3909 923 3976 lhid.‚
938 3911 965 3977 5,
980 3911 1007 3966 2.
1023 3938 1057 3951 -
1071 3910 1098 3965 6.
1116 3911 1202 3975 Con,
1216 3909 1244 3973 3,
1262 3909 1289 3963 2.

170 4022 205 4034 -
220 3994 246 4048 7.
264 3991 393 4062 Iphicr,
409 3994 436 4062 2,
451 3994 479 4049 3.
496 4026 530 4034 —
544 3994 571 4049 8.
588 3993 690 4063 Apes,
704 3994 732 4060 8,
748 3995 774 4048 3.
794 4023 828 4034 -
842 3994 869 4048 9.
886 3995 1018 4050 Atticas.
1039 4024 1074 4033 -
1087 3994 1131 4050 lo.
1154 3992 1288 4059 Cimon,

170 4077 291 4144 3,1.-
311 4078 355 4134 11.
374 4079 503 4144 Conon„
518 4078 545 4144 3,
562 4078 589 4134 3.
608 4109 643 4119 -
661 4079 705 4134 la.
723 4079 778 4135 Ed.
796 4078 907 4135 Muller·
926 4077 1100 4152 (Teubner),
1114 4078 1173 4146 lll,
1197 4079 1240 4134 17.
1257 4108 1291 4119 -

171 4163 216 4223 13.
233 4163 272 4236 11,
288 4162 331 4227 30.
348 4163 441 4224 -14.
458 4163 509 4231 IV,
523 4164 549 4220 7.
