2828 4808
630 337 787 425 7-co-

191 470 426 556 Ἐπιφωνήματα,
443 472 571 534 laudes.
595 497 606 528 ‹
626 471 714 543 Quid
733 473 824 535 enim
839 489 898 551 ego
919 470 1062 532 aliorum
1082 470 1116 531 in
1137 486 1191 532 me
1211 472 1270 552 tut-

141 575 305 654 φωνήματα
317 574 521 651 exspectem,
535 589 611 634 curn
622 572 698 635 baec
713 572 804 635 domi
827 569 1050 632 nascentum?
1069 593 1080 624 ι

184 671 320 749 Exitum,
350 669 539 748 explicatio.
568 694 579 725 ‹
612 671 704 746 Etsi,
734 670 817 750 quid
844 669 915 748 jam
943 684 1028 749 opus
1057 667 1108 729 est
1136 667 1269 748 οχολίῳῖ)

141 765 179 828 Si
203 783 488 845 perseverassem,
513 785 597 847 opus
620 768 805 848 fuissetig»

186 865 410 946 Προλεγέμεναι,
433 865 594 945 praefatio.
616 890 625 922 ι
646 868 732 929 Veni
755 866 868 947 igitur,
885 865 915 926 si
930 864 994 935 vis,
1012 865 1044 926 et
1065 863 1155 926 disce
1176 880 1194 925 a
1216 880 1269 926 me

141 964 358 1045 προλεγομένοις
377 981 462 1043 quas
477 966 611 1044 quaeris.
629 964 704 1027 Etsi
720 983 778 1026 sus
794 961 1013 1025 Minervami.
1036 987 1047 1019 υ

192 1054 282 1138 Ἀρχὴ
296 1057 442 1119 initium.
457 1062 616 1142 ‹nocsoptc
627 1062 684 1121 tua
700 1058 881 1120 mibivalde
895 1057 1036 1122 molesta
1047 1058 1108 1119 est.
1122 1056 1267 1130 Medere,

144 1150 286 1228 amabo,
314 1156 395 1217 dum
425 1158 475 1218 est
504 1158 577 1239 ἀρχὴ
592 1157 615 1218 1.
647 1181 658 1213 ι
687 1159 837 1219 Initium
865 1174 932 1218 non
962 1157 1032 1217 erat
1061 1155 1269 1217 medicorum

144 1270 363 1315 romanorum
386 1255 483 1317 libris
514 1258 673 1336 tanquam
703 1256 950 1329 consecratum,
975 1255 1063 1316 sicut
1090 1254 1165 1334 ἀρχή
1190 1270 1270 1333 grae-

141 1369 272 1414 corum.

190 1449 290 1533 Ἀρετὴ
311 1469 377 1513 non
393 1455 443 1515 est
465 1455 604 1522 διδκκτὶν,
622 1454 730 1514 virtus
750 1470 817 1516 non
837 1452 948 1515 doceri
968 1451 1088 1532 potest.
1109 1472 1120 1506 ι
1141 1449 1269 1520 Quodsi

142 1550 254 1612 adhuc
271 1549 401 1612 nullum
417 1555 466 1613 est
482 1551 680 1638 (tbeglpesse
695 1553 807 1613 tamen
823 1552 944 1630 potest,
960 1551 1018 1611 aut
1034 1550 1119 1631 ἀρετή
1135 1565 1200 1609 non
1217 1549 1269 1609 est

143 1650 284 1721 διδακτόν,
300 1651 389 1728 qnod
412 1650 495 1711 mihi
515 1649 711 1730 persuaderi
732 1667 797 1711 non
820 1651 959 1728 potest⁵.
982 1646 1061 1709 »De
1078 1647 1139 1708 hac
1154 1646 1269 1725 dispu-

143 1746 272 1808 tatione
295 1748 401 1810 multa
423 1749 651 1826 quaesiverunt
672 1748 864 1828 philosophi
886 1747 995 1827 graeci.
1017 1745 1147 1824 Saepius
1167 1745 1268 1806 etiarn

144 1846 255 1924 tetigit
273 1863 346 1908 eam
363 1846 471 1922 Plato,
488 1849 635 1910 maxime
652 1849 686 1909 in
702 1847 855 1920 Menona,
872 1847 908 1908 in
924 1846 1020 1926 cujus
1035 1843 1112 1906 libri
1131 1843 1268 1905 exordio

144 1944 283 2023 ponitur
297 1945 438 2024 quaestio
456 1964 463 2006 τ
481 1943 535 2028 ἄρα
550 1947 710 2023 arctarent
731 1947 856 2027 alpert&
884 1966 887 1971 ’

186 2044 289 2118 Τέλος,
306 2045 505 2105 extremum.
524 2067 534 2099 v
551 2044 628 2117 Sed,
642 2059 767 2121 quaeso,
782 2042 863 2121 quid
879 2059 920 2103 ex
937 2041 1001 2102 ista
1017 2041 1113 2101 acuta
1126 2040 1158 2100 et
1173 2037 1266 2117 gravi

145 2136 292 2200 retertur
307 2141 348 2202 ad
359 2141 488 2216 τέλες71
506 2166 517 2198 »
532 2143 623 2215 Τέλος
638 2144 688 2203 est
703 2141 842 2202 solenne
855 2134 1039 2220 graecorum
1055 2135 1269 2217 philosopho-

144 2253 222 2297 rum
245 2238 400 2312 verbum,
422 2239 592 2319 cujusvis
614 2239 771 2300 subtilior
792 2241 843 2300 est
866 2254 999 2317 quarn«
1026 2238 1227 2307 extremum,
1254 2256 1265 2287 v

145 2350 341 2414 quanquam
361 2336 451 2398 idem
470 2337 646 2416 siguificat.
665 2337 714 2398 Cf.
734 2355 740 2397 :
760 2361 771 2392 ‹
792 2336 959 2407 Quoniam
980 2335 1014 2396 id
1034 2336 1084 2396 est
1103 2332 1161 2394 vel
1176 2349 1268 2392 sum-

99 2506 106 2528 *
146 2450 242 2494 mum
254 2433 421 2498 bonorum
434 2436 485 2498 vel
502 2436 659 2498 ultimum
675 2436 727 2497 vel
741 2437 929 2521 extremum
944 2433 1047 2514 (quod
1061 2431 1169 2495 Graeci
1185 2431 1269 2505 τέλος

146 2531 370 2612 nominant)⁸.
393 2558 404 2588 t

191 2627 305 2708 Ἡδονή,
317 2633 482 2712 voluptas
496 2634 582 2694 Item
597 2632 736 2694 Cassius
751 2631 922 2694 Ciceroni:
940 2654 951 2687 ι
967 2631 1083 2709 ltaque
1098 2631 1131 2692 et
1145 2629 1268 2701 Pansa,

145 2730 204 2808 qui
220 2731 322 2807 ἡδονὴν
337 2731 501 2809 sequitur,
518 2732 677 2793 virtutem
700 2731 821 2793 retinet
831 2733 853 2791 ⁹.
878 2729 1016 2793 »Verbo
1031 2730 1117 2806 ἡδονή
1132 2725 1270 2806 Epicuri

145 2829 320 2908 praeceptis
336 2828 547 2891 familiariter
566 2829 697 2891 alludit.

186 2927 413 2999 Quamobrem
433 2928 523 2990 haud
545 2928 648 2991 dubio
668 2927 951 3007 Wesenbergium
975 2925 1187 3006 probaverim
1210 2921 1269 3002 qui

145 3028 181 3087 in
197 3027 260 3087 boc
275 3026 544 3088 Tusculanarum
563 3026 635 3088 loco
654 3045 661 3087 :
680 3051 691 3082 ‹
711 3027 748 3088 Id
764 3027 853 3106 qnod
868 3028 1059 3088 constanter
1072 3014 1269 3104 prudenterss

146 3143 211 3205 que
226 3125 274 3199 fit,
291 3126 458 3205 ejusmodi
480 3125 720 3206 appetitionem
740 3125 842 3188 Stoici
863 3127 996 3205 βούλησιν
1013 3124 1190 3204 appellant,
1207 3137 1269 3183 nos

146 3225 355 3305 appellemus
376 3221 628 3302 voluntatem,¹⁰‚
650 3247 660 3278 v
683 3224 861 3303 legendum
885 3224 1103 3303 suspicatur«
1128 3218 1270 3300 appelle-

147 3341 225 3386 mus
244 3348 255 3379 »
274 3323 377 3404 (quod
397 3323 551 3384 Baiterus
571 3322 695 3402 aliique
716 3322 937 3402 receperunt),
956 3322 1045 3401 quod
1066 3318 1269 3382 indicativus

148 3423 268 3484 falsam
291 3421 383 3484 illam
403 3420 523 3483 habeat
546 3421 759 3494 sententiam,
783 3420 818 3481 id
839 3421 1035 3482 constantiae
1055 3435 1160 3500 genus
1180 3416 1270 3495 quod

146 3523 258 3584 Stoica
287 3520 432 3598 quadarn
462 3519 697 3599 terminologia
727 3521 861 3596 βούλησις
892 3519 1086 3599 appelletur,
1110 3535 1129 3578 a
1154 3514 1270 3577 latinis

149 3620 249 3700 vulgo
266 3618 424 3698 appellari
441 3616 650 3679 voluntatem
670 3635 745 3679 esse
765 3618 920 3692 solitnm3
941 3615 1136 3680 Ciceronem
1157 3615 1270 3676 autem

147 3719 211 3780 hoc
239 3717 379 3791 dixisse,
406 3715 515 3778 licere·
534 3715 638 3777 latino
661 3715 837 3790 vocabulo,
864 3714 954 3795 quod
981 3715 1111 3794 vulgari
1137 3709 1270 3776 dicendi

184 3959 209 4013 1.
229 3961 277 4012 Ad
293 3960 365 4025 Art,
384 3959 407 4023 Ι,
424 3957 468 4023 19,
485 3957 512 4012 3.
530 3989 564 3995 -
578 3956 604 4011 2.
619 3948 713 4023 Jbidq,
731 3957 815 4024 XVI,
835 3958 862 4022 7,
879 3957 905 4012 3.
926 3989 960 3996 -
980 3958 1005 4012 3.
1030 3959 1078 4010 Ad
1098 3957 1191 4026 fam„
1216 3955 1268 4021 lX,

147 4045 192 4108 18,
208 4044 236 4098 3.
253 4075 287 4082 -—
303 4044 328 4097 4.
347 4044 397 4096 ild
413 4043 487 4108 Ate,
504 4042 541 4108 X,
558 4041 602 4108 10,
615 4042 641 4095 3.
666 4073 700 4079 —
718 4041 746 4096 5.
761 4042 850 4109 ibid,
868 4043 904 4107 X,
921 4043 966 4107 12,
982 4044 1008 4097 7.
1025 4073 1058 4080 -
1073 4042 1099 4096 6.
1122 4031 1172 4094 Αά
1188 4042 1216 4094 b.
1237 4042 1268 4103 1.,

151 4129 332 4184 Boetius-
345 4129 370 4183 7.
389 4128 439 4181 Ad
455 4127 530 4194 Art,
544 4127 611 4194 ΧΠ,
624 4126 651 4194 6,
668 4126 694 4180 1.
714 4157 746 4168 -
759 4128 785 4182 8.
801 4129 843 4181 De
858 4126 941 4195 Fla,
958 4128 981 4192 l,
998 4127 1042 4192 12,
1058 4127 1101 4180 12.
1119 4157 1153 4164 —
1172 4125 1198 4180 9.
1220 4125 1269 4178 Ad

148 4217 252 4283 Fara,
269 4215 332 4281 XV,
349 4215 392 4282 ta,
407 4212 435 4268 3.
452 4213 543 4269 -10.
565 4213 665 4279 Tusc,
682 4213 733 4279 IV,
749 4213 775 4280 6,
790 4212 816 4267 2.
1264 4251 1266 4255 ,
