2828 4808
686 357 723 369 -
746 323 785 384 38
805 340 848 370 -·

206 458 383 520 notulam:
404 457 486 536 quid
508 457 552 519 sit
574 456 658 519 illud
678 457 767 536 quod
791 457 913 518 durum
937 456 1049 532 vocat,
1073 456 1133 518 sed
1155 456 1335 520 tolerabile

206 555 340 635 sibique
355 555 597 637 gratissimum,
611 556 818 636 ignoramus,
834 555 966 617 Atticus
981 555 1078 618 facile
1091 555 1174 634 quid
1188 554 1245 616 bis
1260 572 1337 616 ver·

98 732 102 737 ,
205 653 260 716 bis
276 654 376 717 vellet
393 653 508 716 Cicero
525 654 707 735 perspexit,
728 654 756 715 si
776 652 898 734 ipsein
918 670 980 715 sua
997 652 1137 733 epistola
1158 652 1336 733 negotium

208 751 389 831 appellavit
404 752 537 834 ἐργῶδες.

248 853 335 924 neu
352 849 475 911 inanis,
499 849 630 912 «Dices
651 868 809 912 nummos
828 850 912 911 mibi
932 866 1016 928 opus
1038 866 1113 935 esse
1133 849 1175 910 ad
1194 865 1337 929 appara-

208 950 281 1009 tum
296 947 472 1029 triumphi,
486 948 521 1010 in
536 966 613 1028 quo,
629 954 665 1010 ut
679 949 843 1029 praecipis,
858 966 917 1010 nec
934 965 986 1010 me
999 949 1077 1010 uerte
1092 947 1128 1008 in
1144 947 1337 1027 expetendo

210 1063 392 1126 cognosces
407 1063 467 1109 nec
483 1047 583 1130 daupei
598 1047 633 1109 in
649 1047 834 1126 abjiciendo
846 1049 868 1109 ¹.
895 1071 907 1104 r

250 1142 358 1226 Πρᾶξις
372 1143 508 1206 factum.
526 1168 537 1200 ‹
551 1144 660 1207 Venio
675 1146 717 1206 ad
729 1145 930 1224 recentiores
942 1144 1108 1206 litteras...
1126 1166 1137 1199 c
1153 1161 1207 1206 me
1225 1142 1337 1205 facere

212 1265 224 1298 ι
249 1259 405 1322 magnam
419 1240 518 1324 πρᾶξιν
535 1242 719 1305 Dolabellae
739 1266 763 1304 a.
783 1243 866 1304 Mihi
883 1260 935 1304 me
950 1241 1084 1305 hercule
1099 1242 1147 1303 ita
1160 1242 1337 1304 videtur...

211 1338 288 1400 Tibi
312 1357 389 1401 vero
412 1341 578 1403 assentior
597 1340 758 1420 maj0rem
779 1339 878 1422 πρᾶξιν
896 1341 969 1418 ejus
988 1339 1070 1414 fore,
1088 1339 1117 1401 si
1139 1338 1224 1402 mihi
1245 1340 1339 1418 quod

212 1437 327 1499 debuit
344 1438 538 1500 dissolverit
550 1439 573 1500 2.
594 1461 605 1494 ι
628 1437 724 1509 Quod
741 1438 942 1500 vocabulum
959 1436 1058 1499 inane
1077 1439 1167 1499 esset
1183 1437 1339 1516 illudque

211 1535 328 1598 Cicero
346 1553 414 1599 non
435 1536 679 1616 rescripsisset,
700 1537 766 1598 nisi
786 1537 867 1615 quid
885 1536 1067 1599 obscurum
1085 1537 1204 1599 lateret
1225 1554 1233 1597 ε
1255 1536 1341 1615 quid

148 1709 149 1712 Ἴ
213 1635 375 1696 autemid
391 1635 435 1696 sit
451 1653 518 1696 non
534 1653 593 1715 ego
609 1634 817 1714 introspicio.
875 1648 877 1653 “

253 1735 406 1815 Στερκτέον
421 1733 642 1812 probandum.
659 1757 670 1788 «
686 1734 792 1795 Multa
807 1733 960 1812 disputas
973 1730 1052 1793 huic
1068 1733 1246 1794 sententiae
1263 1749 1341 1794 eon-

213 1831 403 1905 veuientia3
419 1831 497 1893 inde
513 1831 555 1892 ad
570 1833 759 1893 extremum
776 1850 783 1892 :
803 1854 814 1886 ‹
834 1829 921 1902 Quid
937 1829 978 1905 si,
995 1829 1121 1910 inquiS,
1137 1830 1292 1909 Lepidus
1309 1832 1342 1892 et

217 1953 228 1984 ι
252 1929 430 1991 Volcacius
448 1929 648 1991 disceduntl
666 1953 677 1986 ι
699 1929 803 1991 Plane
821 1931 917 2011 ἀπορῶ
936 1947 942 1989 :
960 1929 1050 2008 quod
1068 1929 1218 1991 evenerit
1235 1928 1343 2008 igitur

138 2057 142 2066 ·
215 2029 248 2089 et
261 2028 351 2106 quod
367 2028 487 2107 egeris
504 2027 539 2089 id
554 2031 699 2111 aepactae
716 2028 840 2107 putabo
851 2029 874 2090 ³.
902 2050 914 2083 ι

255 2128 288 2187 Ti
307 2128 424 2204 λοιπένς
448 2126 531 2205 quid
552 2127 748 2206 reliquum?
771 2150 782 2182 ‹
807 2126 896 2187 Illud
919 2142 982 2200 me,
1005 2124 1052 2186 mi
1074 2124 1201 2199 Attice,
1225 2124 1262 2185 in
1287 2142 1343 2186 ex-

215 2226 321 2285 trema
345 2222 414 2286 fere
436 2226 529 2303 parte
553 2224 702 2303 epistolae
726 2223 926 2296 commovit;
951 2222 1072 2284 scribis
1094 2222 1186 2284 euim
1211 2221 1261 2284 sic
1287 2240 1294 2283 ε
1316 2224 1343 2284 τί

215 2325 329 2401 luctu
349 2321 469 2383 deinde
489 2339 542 2383 me
560 2321 717 2383 obsecras
741 2321 974 2384 amantissime
994 2337 1036 2382 ne
1056 2320 1238 2383 obliviscar
1259 2320 1344 2400 vigi-

217 2420 359 2482 lar-el.»

257 2519 339 2581 Uter
359 2535 476 2581 eorum
496 2518 604 2598 magis
628 2518 803 2580 mirandus
827 2519 872 2581 sit
891 2517 1057 2580 incertum
1076 2518 1139 2592 est,
1161 2517 1343 2579 Atticusne

218 2617 276 2697 qui
296 2633 561 2696 supervacaneas
577 2634 657 2696 opes
674 2617 778 2678 latino
794 2615 994 2696 patrimonio
1010 2616 1135 2677 inferre
1150 2615 1247 2690 velit,
1265 2633 1343 2678 cum

220 2715 292 2795 ejus
321 2715 491 2777 memoriae
519 2715 555 2776 in
584 2716 739 2794 promptu
769 2731 874 2794 graeca
904 2714 1004 2775 citius
1034 2716 1211 2776 accurrant
1239 2731 1344 2792 quam

219 2830 369 2884 romana.
391 2830 433 2874 an
453 2813 568 2875 Cicero
588 2813 646 2891 qui
667 2813 784 2875 inanes
802 2813 885 2875 istas
905 2812 1006 2874 amici
1026 2811 1215 2874 locutiones
1234 2815 1268 2875 et
1288 2829 1345 2874 ne-

150 2914 154 2921 '
219 2927 389 2989 quaquam
411 2910 632 2989 requirendas
655 2928 722 2972 non
745 2911 864 2990 probat
886 2911 1001 2984 modo,
1026 2910 1085 2972 sed
1110 2912 1142 2972 et
1164 2908 1283 2972 laudat
1306 2927 1345 2972 ac

220 3007 385 3070 rescribit.

260 3105 414 3186 Pejorem
439 3109 551 3168 tamen
573 3123 686 3185 graecae
706 3106 830 3185 linguae
852 3122 954 3168 usum
975 3106 1166 3184 quemdam,
1189 3123 1252 3168 nec
1272 3110 1346 3184 jam

152 3285 155 3292 Ι
221 3223 346 3267 vanum
367 3204 419 3266 vel
442 3205 609 3279 inutilem,
633 3207 665 3266 at
690 3204 830 3265 noxium
851 3205 882 3266 et
905 3204 1087 3267 exitiosum
1106 3203 1262 3266 Ciceroni
1285 3206 1347 3267 cri-

222 3304 305 3366 mini
332 3304 461 3365 vertere
491 3319 625 3380 aequum
654 3304 758 3376 esset,
784 3301 851 3363 nisi
878 3301 1075 3364 credidisset
1103 3301 1159 3364 ille
1185 3303 1347 3382 epistolas

223 3420 302 3465 suas
319 3419 386 3463 non
402 3418 476 3463 esse
494 3399 650 3462 edendas.
670 3400 746 3461 Non
762 3401 852 3479 quod
867 3400 909 3461 ad
925 3400 1153 3479 usurpandam
1170 3418 1212 3463 ex
1227 3402 1347 3481 graecis

223 3519 339 3563 vocem
360 3501 524 3563 usitatum
543 3499 711 3579 quoddam
729 3501 760 3561 et
781 3503 898 3561 notum
916 3499 1058 3561 verbum
1079 3517 1120 3562 ex
1137 3499 1255 3562 latinis
1275 3500 1349 3564 des·

223 3600 334 3680 piciat.
357 3601 464 3661 Immo
480 3599 534 3660 his
550 3599 584 3659 in
602 3598 685 3660 locis
703 3615 788 3676 quos
806 3597 977 3659 criminari
992 3597 1102 3676 possis
1122 3597 1216 3660 nulla
1230 3598 1347 3674 dictio,

224 3698 295 3761 sive
315 3699 463 3760 adhunc
483 3715 622 3759 sensum
639 3698 918 3776 expromendum,
935 3695 1006 3758 sire
1027 3697 1067 3757 ad
1090 3697 1348 3760 translationem

223 3797 316 3859 illam
343 3792 529 3857 imitat-ione
557 3795 776 3869 reddendam,
804 3794 849 3856 M.
873 3793 984 3855 Tullio
1010 3794 1256 3874 suppeditabat.
1281 3795 1348 3857 Sed

224 3897 306 3958 satis
331 3894 409 3955 huie
436 3897 505 3956 erat
532 3895 589 3954 aut
620 3910 661 3954 ex
694 3893 855 3971 adjectivo
883 3894 960 3954 noto
990 3909 1115 3953 novum
1147 3889 1346 3955 adverbium

223 4062 226 4067 ξ
259 4111 284 4166 1.
296 4107 353 4164 vAd
368 4111 440 4174 Art,
457 4107 506 4172 VI,
523 4108 550 4174 9,
565 4107 673 4178 a-a.
691 4107 779 4172 Ibid,
797 4106 974 4173 x1V‚1e,5.
992 4137 1026 4144 -
1040 4105 1066 4161 3.
1083 4104 1173 4161 Ibid..
1190 4105 1243 4172 IX,
1260 4105 1304 4172 10,
1317 4107 1345 4163 7.

224 4230 258 4237 -
274 4197 301 4252 4.
318 4195 407 4263 ibid,
425 4193 476 4262 VI,
492 4193 518 4259 1,
534 4193 579 4248 20.
