2828 4808
631 363 670 372 ..
691 329 731 390 92
754 361 792 374 ..

187 467 265 549 ’,Ἄρη
283 470 385 538 πνέων,
401 465 542 526 Martem
558 463 728 542 spirans«
748 462 813 525 Sed
830 462 1001 524 minantur
1016 463 1140 536 tamen,
1157 462 1192 522 in
1208 461 1267 541 pri-

147 567 278 645 misque
292 563 367 646 ’Ἄρη
383 568 473 625 πνέων
489 561 527 633 Q.
542 561 694 623 Scaevola
709 560 729 621 ¹.
751 585 775 617 av

185 664 271 725 Cum
293 662 424 723 Atticus
444 660 627 722 delicatum
647 659 842 722 convivium
860 661 892 720 et
910 658 1120 738 splendidam
1141 675 1267 737 compo·

145 762 304 824 tationem
329 760 518 821 nuntiasset
537 757 607 820 lore
628 760 666 820 ut
683 757 887 830 institueret,
906 757 951 818 Μ.
967 757 1101 818 Tullius
1122 758 1181 835 qui
1200 774 1267 836 par-

145 860 280 922 cissime
296 860 493 936 οἰωνεμοῦντα
507 857 654 918 amicum
669 856 741 936 lpse
757 857 914 935 expertus
930 857 1011 928 erat,
1023 859 1181 934 sumptus
1195 855 1268 916 illos

145 958 284 1020 verbis«
305 958 426 1035 ἀσελγές
446 958 478 1018 et
498 959 648 1034 συμπόσιον
668 955 820 1016 »deridet
834 972 865 1014 :‹
884 953 1052 1024 Quantam
1067 970 1166 1032 porro
1188 952 1267 1014 mihi

43 1083 44 1087 ¹
147 1055 432 1135 exspectationem
468 1053 590 1115 dedisti
624 1052 771 1114 convivii
801 1052 901 1114 istius
935 1052 1089 1130 ἀσελγοῦςΙ
1124 1051 1208 1112 Sum
1235 1051 1267 1112 in

147 1154 341 1215 curiositate
371 1152 516 1226 ἔξυπεῖνες
545 1152 759 1231 (ambiguum
800 1149 1040 1230 adjectivum),
1069 1149 1129 1211 sed
1158 1152 1268 1211 tamen

146 1252 243 1313 facile
262 1251 370 1331 patior
389 1252 421 1312 te
444 1251 478 1312 id
499 1251 540 1312 ad
558 1268 611 1312 me
632 1253 782 1328 cupatur-r
800 1266 867 1310 non
894 1248 1050 1323 scribere,
1070 1249 1267 1328 praesentem

47 1414 52 1421 ,
145 1346 262 1408 audire
285 1344 406 1406 ma102.
428 1369 439 1401 »

184 1447 332 1521 Βούλυσις,
346 1445 480 1522 tempus
495 1461 560 1521 quo
576 1442 681 1504 boves
697 1442 738 1504 ab
755 1443 863 1504 aratro
879 1441 989 1503 solent
1003 1440 1102 1515 solvi,
1118 1457 1267 1520 vespera.

147 1565 158 1598 ι
178 1542 387 1604 adventabat
403 1543 515 1603 autem
537 1543 679 1618 cantata,
696 1540 908 1602 coenanlibus
925 1538 1023 1601 nobis
1033 1540 1054 1599 ³.
1077 1563 1088 1593 »

184 1639 439 1710 Μουσεπάτακτος,
458 1652 477 1696 a
497 1635 605 1696 Musis
620 1653 800 1714 percussus
812 1633 835 1695 ⁴.

184 1737 299 1797 Νεκυία.
323 1758 334 1789 ι
359 1734 514 1813 Reliqua,
536 1751 555 1796 o
574 1733 643 1808 Dii,
664 1733 722 1812 qui
743 1732 938 1795 comitatus!
961 1749 1047 1810 quae,
1068 1733 1106 1793 ut
1125 1735 1162 1792 tu
1183 1730 1268 1792 soles

139 1833 260 1906 dicere,
276 1834 407 1895 *reauiffl
433 1857 444 1889 u

185 1933 380 2012 Προθεσπίζω,
396 1931 558 2010 praesagio
573 1933 595 1992 ⁶.

156 2081 157 2085 ,
184 2026 358 2110 Ταξιάρχης,
378 2029 540 2117 centurio.
562 2053 572 2084 ι
594 2027 757 2108 Anignini
773 2029 865 2101 sunt,
886 2025 1031 2089 Mustela
1050 2023 1218 2107 ταξιάρχης,
1240 2026 1269 2086 et

144 2125 230 2187 Laco
251 2126 308 2204 qui
329 2127 515 2206 plurImum
532 2126 629 2190 bibit.
653 2150 664 2183 i
684 2125 734 2187 Cf.
757 2150 768 2181 ι
789 2125 874 2187 Cum
891 2126 977 2187 duos
997 2141 1113 2186 secum
1129 2124 1271 2203 Anagni-

137 2242 206 2289 nos
230 2224 384 2294 baberet,
408 2224 587 2287 Mustelam
610 2227 642 2287 et
663 2223 849 2299 Laconem,
871 2241 1016 2303 quorum
1039 2222 1123 2284 alter
1148 2222 1270 2302 gladIa·

145 2324 256 2385 torum
273 2324 324 2384 est
337 2321 508 2402 princeps,
525 2323 607 2385 alter
622 2323 851 2402 poculorumt.
876 2346 887 2378 »

188 2419 317 2500 'Orabat
338 2421 474 2483 asseclae
497 2421 640 2483 aliorum
659 2421 695 2482 ln
717 2421 848 2483 militia.
873 2420 992 2500 «Ergo
1011 2420 1139 2482 erimus
1160 2420 1269 2491 ὀπαδοί,

143 2519 201 2597 qui
217 2521 297 2598 ταγσὶ
314 2537 387 2582 esse
409 2519 614 2581 noluimusr.
637 2543 648 2574 t

183 2619 237 2679 liat
262 2620 342 2696 μάλα
360 2621 475 2697 σεμνός,
502 2619 533 2680 et
553 2619 650 2680 valde
672 2617 795 2697 gravis.
824 2641 835 2672 «
857 2618 980 2680 Noster
1001 2635 1098 2692 vem,
1121 2619 1169 2680 aul
1191 2621 1271 2696 μάλα

143 2719 258 2794 σεμνές,
283 2716 317 2776 in
341 2716 476 2790 Asiam,
506 2719 726 2796 posteaquam
758 2717 841 2778 mihi
868 2719 919 2779 est
944 2734 1117 2787 assensus
1132 2720 1206 2780 tuto
1235 2736 1270 2780 se

142 2813 260 2876 Romae
282 2831 356 2877 esse
379 2833 446 2877 non
475 2832 628 2894 posse
653 2815 837 2899 statim-ait
859 2833 895 2878 se
922 2815 1051 2878 iturum
1063 2818 1086 2876 ⁹.
1108 2814 1270 2888 »Quibus
1314 2871 1316 2877 .

142 2912 241 2974 dictis
264 2913 427 2975 intentam
448 2914 540 2975 illam
558 2913 754 2993 gravitatem
774 2914 870 2976 Bruti
890 2914 1030 2987 deridet,
1047 2914 1270 2992 sequentibus

142 3013 255 3072 autem
274 3009 426 3091 Pompeii
446 3012 599 3074 nubilam
618 3012 762 3074 frontem
780 3030 787 3073 :
806 3036 817 3068 t
838 3012 902 3075 Sed
920 3029 1037 3074 vereor
1056 3029 1098 3074 ne
1117 3011 1171 3091 (de
1188 3029 1270 3092 paee

143 3109 258 3188 agens)
275 3109 426 3189 Pompeii
443 3109 524 3188 quid
540 3111 652 3172 oneris
672 3110 855 3191 imponam,
874 3115 912 3190 μή
929 3134 975 3190 par
989 3113 1121 3194 γοργείην
1143 3113 1271 3192 κεφαλὴν

142 3208 244 3270 δεινοῖο
259 3211 391 3291 πελώρου
406 3209 599 3288 intorqueat
609 3213 643 3269 ¹⁰.
665 3234 676 3266 i

183 3307 212 3369 N
215 3325 252 3369 ec
267 3307 379 3369 solum
394 3325 435 3369 ex
451 3307 683 3388 scriptoribus
699 3310 757 3370 sed
773 3327 814 3371 ex
830 3309 1001 3371 communi
1017 3326 1174 3372 sermone
1189 3328 1271 3390 grae-

142 3422 198 3467 cas
209 3405 373 3468 dictiones
383 3424 562 3469 assumens
572 3405 687 3470 Cicero
700 3407 736 3469 in
753 3408 904 3487 epIstolis
920 3407 1142 3471 disseminare
1159 3411 1272 3474 suevit

142 3501 280 3566 facetias
303 3505 378 3566 illas
402 3507 433 3567 et
457 3505 587 3585 lepidos
610 3506 715 3580 sales,
738 3523 823 3586 quos
847 3507 1040 3581 adamabat,
1064 3524 1210 3586 quorum
1233 3527 1271 3572 se

144 3625 155 3656 ι
170 3602 356 3682 principem
374 3627 385 3658 ι
402 3604 490 3682 apud
503 3604 674 3666 Romanos
688 3604 848 3685 appellari
864 3605 1057 3682 affectabat3
1074 3605 1270 3687 ambiguam

142 3701 243 3762 etiam
259 3701 408 3763 externis
423 3701 536 3763 verbis
552 3702 831 3782 sIgnifieationem
848 3704 1007 3783 alligavit.

179 3953 205 4008 1.
225 3955 275 4007 ,lu
293 3953 410 4021 Quint,
426 3955 481 4021 ΙΙΙ,
500 3955 527 4019 4,
543 3957 569 4012 6.
586 3984 620 3997 -
635 3955 661 4010 2.
679 3957 729 4011 Ad
745 3959 819 4024 Aac,
837 3959 874 4023 ll,
895 3959 938 4024 12,
956 3959 983 4013 2.
1003 3988 1034 3999 -
1049 3959 1076 4014 3.
1094 3958 1185 4027 lbid,
1202 3961 1268 4029 XV,

143 4038 314 4107 ana-4.
335 4041 385 4093 Ad
402 4043 432 4100 Q.
455 4042 564 4110 fratr,
587 4042 626 4106 ΙΙ,
654 4041 697 4108 10,
726 4043 800 4096 1.-
819 4044 846 4098 5.
869 4044 919 4097 nu
944 4046 1018 4108 Art,
1042 4044 1094 4109 IX,
1118 4045 1162 4110 18,
1188 4046 1216 4101 2.
1233 4079 1269 4087 -

145 4124 171 4178 6.
192 4123 281 4190 lbid,
299 4125 380 4192 VIII,
404 4126 449 4192 11,
464 4125 490 4182 3.
510 4156 543 4166 -
567 4127 593 4180 7.
619 4126 708 4194 lhid,
728 4128 807 4192 XVI,
823 4129 866 4193 11,
883 4129 909 4184 3.
926 4162 959 4168 —
977 4129 1003 4184 8.
1020 4129 1110 4198 ibid,
1127 4129 1178 4200 IV,
1195 4131 1223 4200 6,
1238 4133 1266 4188 2.

141 4240 174 4248 -
191 4209 217 4264 9.
235 4208 325 4278 loto,
345 4210 409 4279 XV,
424 4209 509 4277 12,1.
525 4240 559 4250 -
571 4210 615 4266 10.
635 4211 726 4278 lbid,
739 4213 791 4280 IX,
805 4214 830 4281 7,
844 4213 872 4269 3.
1202 4252 1204 4259 ‹
