2828 4808
694 349 891 416 -18-Ι

210 486 368 570 menticia
389 503 498 568 neque
521 487 609 549 levia
630 487 801 562 ducerent,
826 488 930 549 immo
955 486 1062 566 pluris
1088 487 1340 562 existimarent,

210 587 242 647 et
269 585 461 648 Siculorum
491 585 771 648 consuetudinem
792 584 885 647 velut
909 583 1083 663 antiquam
1106 583 1342 647 observarent.

253 707 264 740 ‹
289 684 329 746 In
348 683 442 746 curia
462 682 653 763 Syracusis
669 701 770 764 quem
787 683 899 745 locum
919 681 969 743 illi
991 684 1203 764 βουλευτήριον,
1221 682 1346 744 hones-

209 782 342 845 tissimo
356 782 474 859 133331
489 783 575 863 apud
589 781 666 846 illos
681 781 883 855 clarissimo,
896 779 954 842 ubi
968 780 1060 842 illius
1073 780 1183 860 ipsius
1195 770 1241 841 M.
1257 780 1346 841 Mar-

210 880 297 955 celli,
320 880 378 964 qui
401 897 491 952 eum,
513 897 613 960 quern
636 879 763 959 eripere
786 877 866 940 belli
888 894 926 940 ac
948 877 1096 939 victoriae
1118 877 1192 957 lege
1213 880 1344 957 posset,

210 978 424 1060 conservavit
444 996 481 1041 ac
504 978 661 1052 reddidit,
678 979 789 1039 statua
810 994 851 1040 ex
871 993 935 1039 aere
956 975 1043 1039 facta
1062 977 1123 1051 est,
1141 975 1189 1038 ibi
1208 976 1347 1038 inaura-

209 1056 279 1138 tam
301 1076 402 1138 istius
418 1075 561 1156 (Verris)
583 1077 615 1138 et
637 1076 776 1138 alteram
798 1075 868 1137 filio
889 1076 1058 1137 statuam¹
1083 1076 1346 1153 »imposuerunt

106 1238 109 1242 ,
209 1175 317 1258 οἱπερὶ
339 1175 431 1237 αὐτόν.
452 1173 557 1249 Alibi,
581 1176 618 1236 ut
639 1174 759 1236 urbem
778 1191 881 1235 unam
901 1172 1054 1235 omnium
1076 1172 1345 1252 pulcherrimam

209 1274 310 1354 atque
332 1273 596 1347 ornatissimam,
621 1271 820 1352 Syracusas,
842 1271 1000 1352 depingat
1023 1273 1055 1334 et
1072 1271 1186 1333 verbis
1206 1274 1343 1352 augeat,

210 1371 284 1451 ejus
300 1388 367 1433 non
383 1371 482 1446 modo
498 1370 615 1445 situm,
632 1371 692 1433 sed
707 1372 740 1434 et
754 1370 920 1438 conctactus
935 1369 1063 1449 graecis,
1078 1369 1113 1430 id
1129 1370 1181 1431 est
1194 1369 1345 1449 peculia-

209 1468 304 1549 ribus
324 1468 523 1551 ncminibus
539 1468 678 1549 effingit.
698 1492 709 1525 ‹
730 1468 844 1530 Tertia
861 1468 911 1530 est
926 1467 1021 1540 urbs,
1037 1484 1123 1546 quae,
1139 1467 1233 1546 quod
1249 1468 1285 1530 in
1302 1485 1344 1530 ea

208 1569 303 1648 parte
327 1568 485 1630 Fortunae
511 1566 628 1630 fanum
650 1567 828 1646 antiquum
850 1565 926 1641 fuit,
951 1569 1029 1647 Τύχα
1052 1565 1227 1627 nominata
1250 1569 1343 1630 est...

209 1664 335 1736 Quarta
350 1667 464 1746 autem
479 1668 531 1729 est
551 1665 644 1741 urbs,
666 1683 752 1745 quae,
769 1665 849 1744 quia
867 1665 1037 1744 postrema
1057 1663 1262 1726 coaedificata
1276 1667 1342 1740 est,

207 1765 351 1838 Νεάπολις
381 1765 577 1827 nominatur
590 1765 640 1827 ²...
671 1762 860 1841 »Denique
887 1761 1078 1842 aliquoties,
1109 1761 1243 1824 Siculos
1270 1761 1345 1824 lau-

208 1857 305 1933 dans,
331 1858 458 1920 siculas
482 1874 582 1921 voces
609 1857 701 1937 ipsas
729 1874 797 1918 non
824 1855 949 1918 referre
973 1856 1100 1935 nequit.
1127 1879 1138 1912 ‹
1170 1853 1344 1936 Scriptum

208 1957 319 2034 exstat
341 1956 377 2017 in
399 1955 521 2018 iisdem
544 1956 666 2018 litteris
688 1952 1018 2035 (Syracusanorum),
1040 1953 1130 2033 quod
1151 1953 1215 2016 iste
1238 1953 1343 2017 homo

207 2053 373 2116 barbarus
389 2071 426 2116 ac
442 2054 629 2117 dissolutus
645 2071 753 2134 neque
767 2053 938 2116 attendere
952 2068 1103 2132 unquam
1117 2068 1228 2130 neque
1243 2052 1344 2116 intel-

207 2150 309 2231 ligere
324 2152 435 2232 potuit
456 2154 696 2231 εέδικαιώθησαν,
712 2151 835 2231 inquit,
854 2151 917 2213 boc
932 2152 995 2227 est,
1013 2153 1051 2213 ut
1070 2149 1175 2212 Siculi
1194 2149 1344 2230 loquun-

207 2250 273 2322 tur,
290 2249 455 2329 supplicio
473 2249 584 2313 affecti
600 2266 638 2311 ac
654 2249 761 2312 necati
778 2249 889 2311 sunti.
910 2271 922 2304 »

247 2345 344 2419 Quod
359 2346 390 2408 si
408 2347 562 2409 omnium
575 2347 788 2410 verrinarum
803 2346 994 2409 orationum
1006 2346 1153 2426 priorem
1169 2345 1342 2410 actionem

207 2445 315 2525 solam
330 2463 448 2508 revera
466 2446 620 2508 habitam
640 2463 715 2508 esse
735 2445 944 2520 memineris,
961 2445 1103 2507 forsitan
1123 2445 1290 2507 concedas
1309 2449 1343 2509 et

207 2543 242 2605 in
258 2543 319 2606 hac
334 2546 581 2625 peropportune
596 2544 759 2607 vocabula
779 2543 886 2606 sicula
906 2543 973 2606 sibi
995 2543 1223 2624 assumpsisse
1244 2561 1343 2606 accu-

207 2643 363 2716 satorem,
381 2644 412 2704 et
433 2642 623 2722 praesertim
639 2659 757 2704 omncs
771 2641 932 2704 tullianas
948 2641 1116 2704 orationes
1132 2641 1181 2703 sic
1197 2642 1239 2705 ab
1260 2642 1343 2704 alie·

207 2739 329 2820 nigeno
353 2757 509 2804 sermone
531 2758 605 2804 esse
625 2757 750 2803 vacuas
770 2743 807 2803 ut
829 2757 886 2804 333
904 2739 976 2820 jam
998 2741 1253 2821 praetermittere
1275 2759 1342 2804 nos

206 2837 334 2924 deceat.

246 2937 290 2998 At
310 2936 476 2999 rhetorica
495 2938 549 3000 vel
569 2938 716 3002 oratoria
737 2942 769 3002 et
788 2937 1021 3019 philosophica
1043 2935 1214 3000 Ciceronis
1237 2954 1342 3018 opera

206 3034 264 3113 qui
285 3035 468 3114 pervolvit,
491 3037 527 3098 in
550 3037 743 3118 peregrinas
764 3038 930 3100 dictiones
950 3035 1130 3116 aliquoties
1152 3034 1183 3096 is
1203 3034 1339 3100 incidit.

205 3133 275 3195 Nec
291 3133 415 3196 mirum
437 3152 444 3195 :
460 3152 531 3202 non
551 3135 593 3197 ad
608 3135 778 3198 forensem
795 3135 889 3197 illam
904 3135 1037 3215 plebem
1053 3151 1200 3213 quacum
1217 3150 1342 3197 causas

203 3232 365 3310 patronus
385 3231 514 3312 agebat,
538 3233 574 3294 hi
594 3234 753 3296 rhetorici
775 3236 833 3296 aut
853 3233 1079 3314 philosophici
1095 3232 1175 3295 libri
1193 3232 1343 3312 pertine-

204 3329 297 3403 bant,
315 3329 373 3391 sed
393 3329 435 3391 ad
454 3330 721 3394 humanissimos
741 3332 833 3394 viros
855 3348 965 3411 neque
986 3330 1125 3392 omnino
1145 3330 1340 3394 illiteratos.

204 3422 285 3494 Quae
304 3423 447 3486 barbara
467 3425 569 3487 verba
588 3426 690 3488 rudes
713 3426 763 3488 illi
783 3425 909 3505 plebeii
931 3442 974 3488 ex
994 3442 1050 3487 cre
1071 3422 1244 3504 loquentis
1264 3441 1343 3487 ora·

203 3522 287 3584 toris
305 3522 459 3602 protinus
480 3523 620 3586 auribus
639 3525 809 3604 percipere
832 3524 1035 3605 nequibant,
1057 3523 1092 3585 hi
1111 3523 1178 3584 viri
1198 3522 1342 3586 umbra-

204 3621 280 3698 ticis
301 3621 423 3683 studiis
443 3622 543 3684 otiosi
564 3625 596 3684 et
614 3623 736 3685 litteris
754 3623 880 3686 exculti
899 3622 1217 3702 interpretabantur.
1235 3620 1339 3693 Quod

204 3735 283 3780 vero
296 3719 349 3781 vel
363 3736 431 3781 non
444 3721 655 3800 pervulgatae
669 3739 722 3785 ras
737 3720 911 3783 inusitatis
926 3720 1134 3796 nominibus,
1149 3719 1338 3784 131111313-

204 3835 280 3878 rum
302 3818 488 3880 doctrinam
510 3819 691 3898 aliquando
713 3820 829 3900 graecis
854 3819 1027 3882 vocabuhs
1049 3818 1162 3881 rhetor
1183 3818 1338 3898 philoso-

202 3915 333 3994 phusve
349 3917 593 3999 exprompserit
615 3920 648 3980 et
668 3918 862 3997 protulerit,
886 3917 964 4001 quis
987 3934 1065 3995 eum
1081 3915 1337 3996 reprehendat?

239 4147 265 4203 1,
292 4148 391 4214 Verre,
407 4147 445 4215 ΙΙ,
461 4148 506 4216 21,
524 4149 569 4206 50.
586 4149 632 4205 Cf.
648 4148 688 4215 ΙΙ,
703 4150 748 4215 5¹3,
764 4148 920 4216 et1v‚,57,
936 4148 999 4204 128.
1014 4177 1049 4191 -
1062 4148 1089 4204 2.
1107 4146 1197 4213 111111,
1216 4147 1268 4213 IV,
1283 4148 1333 4218 53,

203 4231 266 4288 119.
282 4263 318 4274 -
329 4233 358 4288 3.
374 4233 464 4299 Ibid,
480 4234 517 4299 V,
533 4234 580 4289 57.
