2828 4808
636 348 795 413 ..83-

144 482 257 546 firme.
279 483 354 546 Une
376 481 551 544 delinition
573 481 702 561 precise
724 482 764 544 de
787 481 915 562 chaque
935 482 1052 557 terme,
1076 480 1194 561 londce
1215 498 1274 544 sur

144 579 301 661 l'origine
320 581 353 643 et
372 580 541 651 l’hisloire,
557 581 602 642 du
623 583 703 657 mot,
725 580 822 642 serait
841 579 1004 642 evanouir
1021 580 1071 642 les
1091 580 1272 661 pretendus

144 680 235 740 mots
252 681 494 758 synonymes1.
523 703 534 734 »

186 775 253 847 Qui
267 776 370 856 igitur
384 779 415 839 et
430 776 523 838 illam
538 776 706 839 sermonis
717 776 1021 856 comprehendendi
1035 777 1067 838 et
1082 776 1270 857 usurpandi

145 875 255 954 legem
271 875 431 938 noscebat
445 876 477 937 et
495 892 560 936 usu
576 875 787 949 observabat,
804 875 863 954 qui
880 892 946 937 non
963 875 1106 955 patriam
1122 875 1181 937 sed
1197 876 1273 937 doc-

145 974 216 1035 tam
236 975 270 1034 et
289 974 462 1035 externam
479 973 629 1052 linguam
647 973 732 1035 mira
748 974 894 1051 quadam
911 972 1097 1036 subtilitate
1117 972 1182 1034 sibi
1201 991 1274 1035 mu-

145 1071 307 1133 tuabatur
323 1072 355 1135 et
371 1071 568 1133 acutissima
584 1071 764 1133 calliditate
782 1070 973 1150 arripiebat,
994 1071 1052 1150 qui
1070 1088 1150 1132 vero
1170 1070 1271 1150 patrii
1342 1127 1347 1139 ,

146 1169 316 1231 sermonis
337 1169 474 1231 divitias
495 1170 527 1231 et
549 1185 629 1249 opes
651 1169 697 1231 ita
719 1169 1010 1249 circumspiciebat
1031 1170 1068 1231 ut
1090 1185 1147 1231 eas
1170 1170 1272 1231 etiam

146 1267 329 1346 aliquando
353 1271 503 1347 augeret,
525 1284 602 1329 eum
625 1267 703 1346 quis
726 1267 968 1346 reprehendere
991 1267 1113 1348 possit,
1135 1267 1164 1328 si
1186 1267 1270 1329 forte

144 1366 351 1445 quibusdam
376 1365 411 1426 in
435 1365 532 1427 libris
558 1364 800 1445 philosophicis
825 1365 1044 1428 rhetoricisve
1068 1365 1270 1428 sententiam

145 1481 213 1525 non
235 1463 374 1533 omnino
394 1463 602 1526 enucleatam
621 1464 777 1539 ostendit,
799 1464 883 1538 sive,
902 1465 1057 1542 quamvis
1078 1463 1270 1542 frequentes

145 1563 215 1624 sint
242 1562 406 1624 dictiones
432 1564 463 1624 et
490 1562 709 1641 amplissimae
733 1561 913 1623 verborum
940 1562 1268 1637 circumlocutionem

144 1662 294 1722 attamen
316 1661 406 1722 nube
427 1660 572 1740 quadam
595 1661 802 1722 subobscura
827 1677 948 1722 sensus
970 1660 1149 1739 aliquoties
1167 1660 1269 1722 offen·
1377 1677 1385 1693 ·

144 1759 237 1821 ditur
252 1762 285 1821 ct
298 1758 509 1838 obcaecaturl
525 1759 574 1819 Ea
591 1776 658 1820 non
674 1759 872 1821 disserentis
889 1759 1061 1821 Ciceronis
1077 1759 1135 1820 sed
1150 1758 1268 1839 ¹populi

143 1858 277 1925 romani
293 1859 325 1920 et
339 1857 463 1938 linguae
478 1857 593 1936 patriae
609 1860 679 1919 erat
694 1857 802 1936 culpa.
1231 1868 1233 1872 ‘

178 2073 205 2127 1.
227 2069 387 2128 Diclionn.
410 2069 517 2140 pendo.
541 2074 579 2126 de
601 2073 632 2125 lo
652 2072 783 2140 Lonpuc
801 2069 969 2140 fronpaise
986 2089 995 2123 .·
1014 2069 1171 2135 Hatzteld‚
1192 2056 1269 2124 Dar·
1292 2103 1295 2108 ·

141 2156 286 2212 mestoler
300 2158 332 2231 et¹
346 2155 490 2211 Thomas.
507 2157 602 2223 Pane,
619 2156 699 2221 1891,
717 2156 760 2209 por
777 2155 850 2210 fasc.
870 2155 996 2222 lutrod.‚
1014 2172 1043 2226 p.
1059 2170 1123 2210 xvi.
