2828 4808
643 334 799 399 -66-
895 387 897 391 ,

199 464 320 528 Plures
339 483 418 527 vero
436 467 558 528 adsunt
573 466 649 539 loci,
663 467 721 529 ubi
736 467 781 529 M.
796 468 929 529 Tullius
949 469 1006 529 uni
1026 483 1134 548 graeco
1155 472 1283 534 nomini

160 563 237 637 duo,
263 564 327 625 tria
351 564 405 626 vel
435 567 593 644 quattuor
619 566 781 628 vocabula
808 566 914 628 latina
944 567 1099 646 adjunxit
1130 587 1137 628 :
1166 586 1284 650 nempe

159 662 342 724 conabatur
355 665 390 724 ut
404 663 673 735 humanissimus
687 663 831 743 quisque
846 664 930 726 civis
943 665 1170 734 admiraretur
1182 684 1285 746 quan-

158 763 230 822 tum
252 760 364 822 verbis
385 763 417 823 et
439 761 560 840 opibus
582 762 765 823 abundaret
789 761 923 824 italicus
946 779 1068 836 serm0,
1090 764 1225 842 quoties
1245 782 1284 826 ex

158 876 215 921 ore
233 861 265 922 et
281 860 368 938 stylo
383 858 556 921 Ciceronis
575 861 767 940 proflueret.
786 861 838 922 Ad
857 861 931 934 hoc,
948 878 1172 941 quaecumque
1187 880 1284 925 voces

158 956 328 1020 memoriae
368 957 602 1021 transferentis
637 958 915 1038 suppeditabant,
946 976 1064 1021 omnes
1098 959 1284 1024 benevolus

157 1056 354 1137 excipiebat,
368 1057 493 1118 nedum
505 1057 545 1118 ad
562 1057 750 1136 eligendam
764 1074 867 1118 unam
879 1073 920 1119 ex
932 1056 1089 1136 pluribus
1102 1057 1281 1134 laboraret,

156 1171 230 1233 quae
251 1155 436 1233 praesertim
452 1171 529 1216 oum
547 1155 703 1216 extrariae
725 1155 905 1217 locutionis
921 1155 954 1216 vi
976 1172 1013 1216 ac
1036 1155 1283 1236 significatione

155 1255 363 1332 congrueret.
380 1252 464 1315 Cum
485 1255 595 1316 autem
620 1271 687 1315 nou
706 1256 742 1316 tu
764 1252 964 1333 pervolvens
984 1252 1101 1332 eligaS,
1122 1254 1159 1316 in
1180 1255 1281 1318 dubio

155 1349 263 1411 adhue
286 1352 395 1412 exstat
417 1352 493 1413 utra
516 1369 556 1413 ex
581 1352 714 1414 duabus
735 1353 950 1431 praeoptanda
971 1352 1034 1426 sit;
1060 1353 1281 1431 quamobrem

154 1447 263 1511 fluitat
277 1447 391 1528 lingua
408 1465 517 1527 neque
532 1449 696 1512 firmatur.

199 1543 474 1626 Ἐπιγεννηματικέν,
496 1550 706 1627 posterum«
726 1547 822 1618 Quod
837 1547 886 1609 illi
908 1550 1157 1628 ἐπιγεννηματικόν
1173 1551 1280 1630 appel-

152 1643 232 1716 lant,
245 1647 418 1724 posterum
430 1646 575 1724 quodam
589 1647 1247 1725 modoetoonsequensputandumest1.
1267 1673 1278 1705 »

162 1799 164 1802 ,
196 1740 291 1815 'itera
309 1741 424 1805 formae
438 1761 513 1823 quae
533 1744 712 1824 generibus
729 1744 946 1824 objiciuntur.
961 1767 972 1800 «
988 1745 1064 1806 Has
1080 1763 1195 1808 rerum
1217 1747 1280 1809 for-

152 1856 224 1901 mas
237 1841 380 1920 appellat
397 1842 510 1916 ἰδὲας...
527 1842 635 1904 Plato.
655 1877 690 1885 —
709 1842 805 1903 Hanc
822 1842 872 1903 illi
889 1842 963 1904 ἰδέαν
979 1841 1193 1921 appellabant
1209 1845 1278 1924 jam

151 1954 170 2014 a
194 1937 333 2001 Platone
360 1939 406 2000 ita
440 1940 646 2002 nominatam
675 1959 682 2001 :
710 1957 771 2002 nos
799 1941 887 2003 recte
914 1940 1061 2019 speciem
1093 1952 1278 2020 possumus

150 2035 293 2098 dicere2⁸
320 2058 331 2092 »

195 2133 332 2213 Ἀξίωμα,
344 2135 567 2198 enuntiatum.
581 2136 734 2215 «Nempe
748 2136 1007 2197 fundamentum
1021 2137 1071 2198 est
1081 2136 1276 2214 dialecticae,

149 2233 312 2312 quidquid
339 2233 534 2296 enuntietur
550 2234 596 2312 (id
623 2236 736 2296 autem
760 2234 928 2314 appellant
955 2232 1083 2313 ἀξίωμα,
1110 2238 1200 2313 quod
1229 2240 1277 2300 est

149 2332 245 2409 quasi
261 2332 412 2411 effatum)
429 2335 487 2394 aut
502 2349 619 2394 verum
635 2349 708 2394 esse
729 2335 786 2394 aut
802 2332 925 2394 falsum
938 2330 962 2393 ³.
985 2355 996 2387 »
1012 2367 1051 2375 -
1069 2331 1277 2412 Explicanda

148 2429 200 2490 vis
212 2431 262 2490 est
273 2430 423 2509 ratioque
436 2430 719 2503 enuntiationum,
730 2447 805 2509 quae
816 2429 924 2517 Graeci
938 2428 1084 2508 ἀξιώματα
1094 2436 1216 2495 vocant
1227 2431 1249 2495 ⁴.
1264 2457 1275 2489 1

148 2526 306 2589 —Omne
322 2529 577 2607 pronuntiatum
590 2528 652 2609 (sic
667 2528 757 2590 enim
775 2528 859 2590 mihi
874 2528 910 2588 in
925 2528 1106 2607 praesentia
1119 2532 1275 2606 occurrit,

147 2627 184 2687 ut
200 2625 400 2704 appellarem
421 2625 547 2705 ἀξίωμκ,
569 2630 643 2689 utar
663 2628 737 2706 post
760 2626 836 2700 alio,
857 2626 886 2686 si
908 2625 1068 2687 invenero
1090 2626 1226 2709 melius)
1242 2630 1276 2691 id

147 2739 224 2802 ergo
241 2726 291 2784 est
305 2725 562 2803 pronuntiatum
578 2725 667 2804 quod
684 2729 734 2787 est
749 2743 869 2787 verum
886 2727 943 2786 aut
959 2723 1085 2786 falsum
1096 2725 1120 2786 ⁵.
1141 2748 1152 2781 1
1170 2783 1174 2793 ,

187 2826 378 2902 Προηγμένεν,
395 2823 634 2902 productumr
653 2822 717 2885 Sed
734 2840 862 2902 eaquae
883 2823 1072 2883 secundum
1088 2820 1201 2884 locum
1218 2824 1275 2887 ob-

145 2919 265 2992 tinent,
290 2925 455 3002 προηγμένα
477 2920 511 2982 id
536 2924 587 2983 est
610 2923 769 3001 producta
792 2920 1022 2982 nominentur.
1044 2919 1125 2991 Quae
1151 2922 1204 2984 vel
1228 2923 1273 2985 ita

145 3017 351 3096 appellemus
375 3019 422 3097 (id
445 3019 508 3081 erit
532 3020 670 3082 verbum
693 3038 710 3081 e
734 3019 849 3096 verbo)
873 3019 926 3080 vel
949 3011 1120 3098 promota,
1145 3020 1213 3094 vel,
1237 3023 1273 3082 ut

144 3115 272 3175 dudum
288 3115 450 3190 diximus,
466 3119 645 3196 praeposita
661 3118 712 3179 vel
732 3115 934 3196 praecipuast.
956 3140 967 3171 ι

188 3210 354 3295 Ἐνάργεικ,
385 3215 647 3294 perspicuitas«
672 3215 952 3294 Perspicuitatem
980 3217 1038 3276 aut
1068 3215 1273 3277 evidentiam

144 3328 222 3383 nos,
253 3311 282 3372 si
312 3301 434 3391 placet,
460 3314 675 3375 nominemus
703 3313 993 3391 fabricemurque,
1023 3313 1052 3373 si
1082 3330 1167 3397 opus¹
1194 3315 1272 3389 erit,

143 3410 277 3471 verba⁷.
308 3434 319 3466 »

185 3512 326 3587 Σχήματα
346 3511 425 3570 sunt
445 3512 558 3589 gestus
575 3511 671 3590 quasi
691 3510 866 3584 orationis,
888 3509 1136 3572 sententiarum
1153 3510 1275 3571 oratio-

143 3605 264 3684 nisque
287 3606 436 3682 iormael,
462 3609 640 3670 verborum
665 3612 696 3670 et
718 3609 964 3670 sententiarum
988 3607 1117 3668 lumina
1127 3609 1150 3682 ⁹,
1176 3625 1271 3669 oma-

142 3708 254 3766 meuta
270 3706 446 3767 verborum
469 3707 755 3768 sententiarumve
766 3705 804 3768 ¹⁰.

176 3884 201 3938 1.
223 3886 305 3950 Fica,
323 3885 377 3951 ΙΙΙ,
393 3886 421 3950 9,
441 3885 486 3941 32.
504 3917 538 3924 -
552 3886 579 3940 2.
603 3888 697 3952 Orat,
714 3886 741 3951 3,
764 3885 941 3954 1111111111,
958 3885 1025 3953 Ι,8,
1046 3885 1082 3941 30
1090 3902 1098 3954 ;
1125 3886 1227 3947 Tusc..
1245 3885 1268 3950 I,

139 3964 184 4030 21,
199 3965 243 4019 58.
256 3995 291 4005 -
305 3965 331 4020 3.
349 3967 459 4031 deod,
478 3968 516 4032 ll,
531 3967 577 4032 29,
599 3967 643 4021 95.
662 3967 738 4020 -1
760 3969 802 4021 De
824 3969 913 4032 Fato,
933 3967 1011 4034 1,1;
1030 3964 1143 4034 11120,
1160 3966 1205 4031 10,
1223 3967 1268 4020 21.

139 4074 173 4082 -
185 4045 211 4098 5.
230 4045 330 4110 Tuae,
345 4047 368 4111 Ι,
384 4048 411 4111 7,
428 4048 472 4101 14.
490 4077 525 4085 -
538 4046 564 4100 6.
583 4048 624 4102 De
639 4045 722 4111 Fica,
738 4045 793 4111 Ill,
809 4049 854 4112 15,
870 4048 923 4111 51;
939 4047 983 4114 16,
999 4047 1045 4102 52.
1062 4078 1096 4084 -
1111 4047 1137 4100 7.
1155 4048 1267 4112 deod,

140 4126 181 4189 ΙΙ,
194 4126 222 4190 6,
237 4128 281 4181 17.
298 4159 331 4165 -
348 4130 373 4183 8.
397 4128 518 4193 01,,2ῑ1,
543 4128 596 4197 833
618 4130 721 4193 Brut,
742 4129 786 4195 17,
807 4129 852 4183 oo.
875 4159 909 4167 -
924 4129 950 4183 9.
969 4130 1071 4194 Brut,
1088 4128 1133 4193 72,
1149 4127 1213 4182 275.
1234 4159 1268 4165 -

61 4246 65 4251 .
138 4205 182 4260 ro.
203 4208 284 4274 roa,
301 4207 327 4273 a,
344 4207 390 4270 aa.
