<?xml version="1.0" encoding="UTF-8"?>
<!DOCTYPE html PUBLIC "-//W3C//DTD XHTML 1.0 Transitional//EN"
    "http://www.w3.org/TR/xhtml1/DTD/xhtml1-transitional.dtd">
<html xmlns="http://www.w3.org/1999/xhtml" xml:lang="en" lang="en">
 <head>
  <title>
</title>
<meta http-equiv="Content-Type" content="text/html;charset=utf-8" />
  <meta name='ocr-system' content='tesseract 3.04.00' />
  <meta name='ocr-capabilities' content='ocr_page ocr_carea ocr_par ocr_line ocrx_word'/>
</head>
<body>
  <div class='ocr_page' id='page_1' title='image "./deciceronegraec00fontgoog_0069.png"; bbox 0 0 2828 4808; ppageno 0'>
   <div class='ocr_carea' id='block_1_1' title="bbox 644 347 802 407">
    <p class='ocr_par' dir='ltr' id='par_1_1' title="bbox 644 347 802 407">
     <span class='ocr_line' id='line_1_1' title="bbox 644 347 802 407; baseline 0 -15"><span class='ocrx_word' id='word_1_1' title='bbox 644 347 802 407; x_wconf 74' lang='lat'>..52-</span> 
     </span>
    </p>
   </div>
   <div class='ocr_carea' id='block_1_2' title="bbox 107 479 1280 3984">
    <p class='ocr_par' dir='ltr' id='par_1_2' title="bbox 154 479 1280 1526">
     <span class='ocr_line' id='line_1_2' title="bbox 201 479 1280 559; baseline 0.007 -23"><span class='ocrx_word' id='word_1_2' title='bbox 201 503 212 536; x_wconf 70' lang='lat' dir='ltr'>a</span> <span class='ocrx_word' id='word_1_3' title='bbox 231 479 307 542; x_wconf 90' lang='lat' dir='ltr'>Nisi</span> <span class='ocrx_word' id='word_1_4' title='bbox 323 480 505 541; x_wconf 90' lang='lat' dir='ltr'>multorum</span> <span class='ocrx_word' id='word_1_5' title='bbox 520 479 694 559; x_wconf 80' lang='lat' dir='ltr'>praeceptis</span> <span class='ocrx_word' id='word_1_6' title='bbox 710 479 894 558; x_wconf 91' lang='lat' dir='ltr'>multisque</span> <span class='ocrx_word' id='word_1_7' title='bbox 909 479 1031 542; x_wconf 90' lang='lat' dir='ltr'>litteris</span> <span class='ocrx_word' id='word_1_8' title='bbox 1047 480 1134 542; x_wconf 91' lang='lat' dir='ltr'>mibi</span> <span class='ocrx_word' id='word_1_9' title='bbox 1150 481 1192 544; x_wconf 92' lang='lat' dir='ltr'>ab</span> <span class='ocrx_word' id='word_1_10' title='bbox 1209 483 1280 544; x_wconf 92' lang='lat' dir='ltr'>ado·</span> 
     </span>
     <span class='ocr_line' id='line_1_3' title="bbox 158 576 1280 659; baseline 0.003 -20"><span class='ocrx_word' id='word_1_11' title='bbox 158 578 317 640; x_wconf 90' lang='lat' dir='ltr'>lescentia</span> <span class='ocrx_word' id='word_1_12' title='bbox 338 577 523 639; x_wconf 84' lang='lat' dir='ltr'>suasissem</span> <span class='ocrx_word' id='word_1_13' title='bbox 547 576 632 638; x_wconf 92' lang='lat' dir='ltr'>nibil</span> <span class='ocrx_word' id='word_1_14' title='bbox 656 595 730 639; x_wconf 91' lang='lat' dir='ltr'>esse</span> <span class='ocrx_word' id='word_1_15' title='bbox 754 578 789 639; x_wconf 94' lang='lat' dir='ltr'>in</span> <span class='ocrx_word' id='word_1_16' title='bbox 812 577 881 639; x_wconf 86' lang='lat' dir='ltr'>vita</span> <span class='ocrx_word' id='word_1_17' title='bbox 903 595 1104 659; x_wconf 80' lang='lat' dir='ltr'>magnopere</span> <span class='ocrx_word' id='word_1_18' title='bbox 1128 583 1280 659; x_wconf 82' lang='lat' dir='ltr'>expeten-</span> 
     </span>
     <span class='ocr_line' id='line_1_4' title="bbox 158 675 1279 759; baseline 0.002 -21"><span class='ocrx_word' id='word_1_19' title='bbox 158 677 255 751; x_wconf 79' lang='lat' dir='ltr'>dum,</span> <span class='ocrx_word' id='word_1_20' title='bbox 280 675 346 737; x_wconf 91' lang='lat' dir='ltr'>nisi</span> <span class='ocrx_word' id='word_1_21' title='bbox 370 676 505 738; x_wconf 89' lang='lat' dir='ltr'>laudem</span> <span class='ocrx_word' id='word_1_22' title='bbox 533 677 633 754; x_wconf 91' lang='lat' dir='ltr'>atque</span> <span class='ocrx_word' id='word_1_23' title='bbox 661 675 909 739; x_wconf 75' lang='lat' dir='ltr'>honestatem...</span> <span class='ocrx_word' id='word_1_24' title='bbox 938 693 1115 757; x_wconf 89' lang='lat' dir='ltr'>nunquam</span> <span class='ocrx_word' id='word_1_25' title='bbox 1143 695 1199 740; x_wconf 87' lang='lat' dir='ltr'>me</span> <span class='ocrx_word' id='word_1_26' title='bbox 1224 695 1279 759; x_wconf 93' lang='lat' dir='ltr'>pro</span> 
     </span>
     <span class='ocr_line' id='line_1_5' title="bbox 157 773 1280 853; baseline 0.004 -18"><span class='ocrx_word' id='word_1_27' title='bbox 157 775 264 836; x_wconf 89' lang='lat' dir='ltr'>salute</span> <span class='ocrx_word' id='word_1_28' title='bbox 279 775 392 836; x_wconf 82' lang='lat' dir='ltr'>vestra</span> <span class='ocrx_word' id='word_1_29' title='bbox 405 773 441 834; x_wconf 93' lang='lat' dir='ltr'>in</span> <span class='ocrx_word' id='word_1_30' title='bbox 456 774 504 835; x_wconf 88' lang='lat' dir='ltr'>tot</span> <span class='ocrx_word' id='word_1_31' title='bbox 519 790 556 835; x_wconf 91' lang='lat' dir='ltr'>ac</span> <span class='ocrx_word' id='word_1_32' title='bbox 570 774 681 835; x_wconf 86' lang='lat' dir='ltr'>tantas</span> <span class='ocrx_word' id='word_1_33' title='bbox 696 774 968 836; x_wconf 88' lang='lat' dir='ltr'>dimicationes...</span> <span class='ocrx_word' id='word_1_34' title='bbox 986 774 1202 853; x_wconf 86' lang='lat' dir='ltr'>objecissem.</span> <span class='ocrx_word' id='word_1_35' title='bbox 1219 777 1280 839; x_wconf 87' lang='lat' dir='ltr'>Sed</span> 
     </span>
     <span class='ocr_line' id='line_1_6' title="bbox 155 871 1280 953; baseline 0.004 -21"><span class='ocrx_word' id='word_1_36' title='bbox 155 872 248 952; x_wconf 94' lang='lat' dir='ltr'>pleni</span> <span class='ocrx_word' id='word_1_37' title='bbox 261 889 378 934; x_wconf 88' lang='lat' dir='ltr'>omnes</span> <span class='ocrx_word' id='word_1_38' title='bbox 394 872 473 933; x_wconf 91' lang='lat' dir='ltr'>sunt</span> <span class='ocrx_word' id='word_1_39' title='bbox 488 871 578 945; x_wconf 69' lang='lat' dir='ltr'>libri,</span> <span class='ocrx_word' id='word_1_40' title='bbox 592 872 699 951; x_wconf 91' lang='lat' dir='ltr'>plenae</span> <span class='ocrx_word' id='word_1_41' title='bbox 712 871 916 951; x_wconf 90' lang='lat' dir='ltr'>sapientium</span> <span class='ocrx_word' id='word_1_42' title='bbox 931 889 1043 946; x_wconf 74' lang='lat' dir='ltr'>voces,</span> <span class='ocrx_word' id='word_1_43' title='bbox 1055 873 1156 953; x_wconf 93' lang='lat' dir='ltr'>plena</span> <span class='ocrx_word' id='word_1_44' title='bbox 1172 891 1280 936; x_wconf 84' lang='lat' dir='ltr'>exem-</span> 
     </span>
     <span class='ocr_line' id='line_1_7' title="bbox 155 968 1279 1051; baseline 0.003 -20"><span class='ocrx_word' id='word_1_45' title='bbox 155 970 288 1049; x_wconf 93' lang='lat' dir='ltr'>plorum</span> <span class='ocrx_word' id='word_1_46' title='bbox 303 972 492 1037; x_wconf 78' lang='lat' dir='ltr'>vetustas...</span> <span class='ocrx_word' id='word_1_47' title='bbox 512 968 621 1041; x_wconf 84' lang='lat' dir='ltr'>Quam</span> <span class='ocrx_word' id='word_1_48' title='bbox 637 970 761 1031; x_wconf 91' lang='lat' dir='ltr'>multas</span> <span class='ocrx_word' id='word_1_49' title='bbox 778 969 876 1031; x_wconf 91' lang='lat' dir='ltr'>nobis</span> <span class='ocrx_word' id='word_1_50' title='bbox 892 969 1068 1051; x_wconf 69' lang='lat' dir='ltr'>imagines</span> <span class='ocrx_word' id='word_1_51' title='bbox 1085 988 1152 1033; x_wconf 92' lang='lat' dir='ltr'>non</span> <span class='ocrx_word' id='word_1_52' title='bbox 1171 972 1279 1034; x_wconf 92' lang='lat' dir='ltr'>solum</span> 
     </span>
     <span class='ocr_line' id='line_1_8' title="bbox 155 1067 1278 1142; baseline 0.002 -12"><span class='ocrx_word' id='word_1_53' title='bbox 155 1069 197 1130; x_wconf 91' lang='lat' dir='ltr'>ad</span> <span class='ocrx_word' id='word_1_54' title='bbox 218 1068 431 1142; x_wconf 73' lang='lat' dir='ltr'>intuendum.</span> <span class='ocrx_word' id='word_1_55' title='bbox 454 1085 571 1130; x_wconf 92' lang='lat' dir='ltr'>verum</span> <span class='ocrx_word' id='word_1_56' title='bbox 594 1067 695 1130; x_wconf 89' lang='lat' dir='ltr'>etiam</span> <span class='ocrx_word' id='word_1_57' title='bbox 718 1067 758 1129; x_wconf 89' lang='lat' dir='ltr'>ad</span> <span class='ocrx_word' id='word_1_58' title='bbox 779 1067 991 1142; x_wconf 76' lang='lat' dir='ltr'>imitandum,</span> <span class='ocrx_word' id='word_1_59' title='bbox 1013 1068 1278 1132; x_wconf 82' lang='lat' dir='ltr'>fortissimorum</span> 
     </span>
     <span class='ocr_line' id='line_1_9' title="bbox 155 1165 1276 1246; baseline 0.004 -20"><span class='ocrx_word' id='word_1_60' title='bbox 155 1166 304 1228; x_wconf 88' lang='lat' dir='ltr'>virorum</span> <span class='ocrx_word' id='word_1_61' title='bbox 321 1183 513 1245; x_wconf 68' lang='lat' dir='ltr'>expressas,</span> <span class='ocrx_word' id='word_1_62' title='bbox 530 1165 710 1246; x_wconf 75' lang='lat' dir='ltr'>scriptores</span> <span class='ocrx_word' id='word_1_63' title='bbox 726 1166 758 1228; x_wconf 88' lang='lat' dir='ltr'>et</span> <span class='ocrx_word' id='word_1_64' title='bbox 776 1165 873 1245; x_wconf 86' lang='lat' dir='ltr'>graeci</span> <span class='ocrx_word' id='word_1_65' title='bbox 889 1167 922 1228; x_wconf 88' lang='lat' dir='ltr'>et</span> <span class='ocrx_word' id='word_1_66' title='bbox 935 1165 1032 1227; x_wconf 92' lang='lat' dir='ltr'>latini</span> <span class='ocrx_word' id='word_1_67' title='bbox 1048 1166 1276 1246; x_wconf 79' lang='lat' dir='ltr'>reliquerunt!</span> 
     </span>
     <span class='ocr_line' id='line_1_10' title="bbox 154 1263 1279 1346; baseline 0.003 -21"><span class='ocrx_word' id='word_1_68' title='bbox 154 1264 245 1336; x_wconf 83' lang='lat' dir='ltr'>Quas</span> <span class='ocrx_word' id='word_1_69' title='bbox 267 1281 326 1344; x_wconf 81' lang='lat' dir='ltr'>ego</span> <span class='ocrx_word' id='word_1_70' title='bbox 349 1264 431 1326; x_wconf 91' lang='lat' dir='ltr'>mibi</span> <span class='ocrx_word' id='word_1_71' title='bbox 452 1281 584 1343; x_wconf 85' lang='lat' dir='ltr'>semper</span> <span class='ocrx_word' id='word_1_72' title='bbox 604 1264 638 1324; x_wconf 92' lang='lat' dir='ltr'>in</span> <span class='ocrx_word' id='word_1_73' title='bbox 660 1263 928 1326; x_wconf 90' lang='lat' dir='ltr'>administranda</span> <span class='ocrx_word' id='word_1_74' title='bbox 950 1265 1141 1344; x_wconf 92' lang='lat' dir='ltr'>republica</span> <span class='ocrx_word' id='word_1_75' title='bbox 1162 1283 1279 1346; x_wconf 92' lang='lat' dir='ltr'>propc-</span> 
     </span>
     <span class='ocr_line' id='line_1_11' title="bbox 155 1361 1278 1442; baseline 0.001 -18"><span class='ocrx_word' id='word_1_76' title='bbox 155 1380 250 1435; x_wconf 71' lang='lat' dir='ltr'>nens,</span> <span class='ocrx_word' id='word_1_77' title='bbox 265 1362 418 1423; x_wconf 87' lang='lat' dir='ltr'>animum</span> <span class='ocrx_word' id='word_1_78' title='bbox 438 1365 470 1423; x_wconf 92' lang='lat' dir='ltr'>et</span> <span class='ocrx_word' id='word_1_79' title='bbox 489 1363 637 1423; x_wconf 91' lang='lat' dir='ltr'>mentem</span> <span class='ocrx_word' id='word_1_80' title='bbox 658 1378 766 1423; x_wconf 90' lang='lat' dir='ltr'>meam</span> <span class='ocrx_word' id='word_1_81' title='bbox 786 1361 861 1441; x_wconf 89' lang='lat' dir='ltr'>ipsa</span> <span class='ocrx_word' id='word_1_82' title='bbox 879 1362 1080 1442; x_wconf 79' lang='lat' dir='ltr'>cogitatione</span> <span class='ocrx_word' id='word_1_83' title='bbox 1100 1362 1278 1425; x_wconf 91' lang='lat' dir='ltr'>hominum</span> 
     </span>
     <span class='ocr_line' id='line_1_12' title="bbox 154 1459 769 1526; baseline -0.015 -4"><span class='ocrx_word' id='word_1_84' title='bbox 154 1460 391 1522; x_wconf 83' lang='lat' dir='ltr'>excellentium</span> <span class='ocrx_word' id='word_1_85' title='bbox 407 1459 659 1520; x_wconf 84' lang='lat' dir='ltr'>conformabam</span> <span class='ocrx_word' id='word_1_86' title='bbox 672 1461 694 1519; x_wconf 83' lang='lat'>¹.</span> <span class='ocrx_word' id='word_1_87' title='bbox 719 1482 729 1513; x_wconf 63' lang='lat' dir='ltr'>a</span> <span class='ocrx_word' id='word_1_88' title='bbox 767 1522 769 1526; x_wconf 11' lang='lat' dir='ltr'>y</span> 
     </span>
    </p>

    <p class='ocr_par' dir='ltr' id='par_1_3' title="bbox 107 1557 1279 2520">
     <span class='ocr_line' id='line_1_13' title="bbox 192 1557 1278 1635; baseline 0.001 -15"><span class='ocrx_word' id='word_1_89' title='bbox 192 1557 274 1628; x_wconf 87' lang='lat' dir='ltr'>Quae</span> <span class='ocrx_word' id='word_1_90' title='bbox 299 1557 411 1619; x_wconf 91' lang='lat' dir='ltr'>omnia</span> <span class='ocrx_word' id='word_1_91' title='bbox 434 1573 501 1618; x_wconf 92' lang='lat' dir='ltr'>non</span> <span class='ocrx_word' id='word_1_92' title='bbox 525 1573 585 1635; x_wconf 94' lang='lat' dir='ltr'>pro</span> <span class='ocrx_word' id='word_1_93' title='bbox 610 1573 645 1618; x_wconf 94' lang='lat' dir='ltr'>re</span> <span class='ocrx_word' id='word_1_94' title='bbox 669 1558 702 1618; x_wconf 92' lang='lat' dir='ltr'>et</span> <span class='ocrx_word' id='word_1_95' title='bbox 725 1572 827 1618; x_wconf 91' lang='lat' dir='ltr'>causa</span> <span class='ocrx_word' id='word_1_96' title='bbox 852 1557 1026 1632; x_wconf 75' lang='lat' dir='ltr'>ementita,</span> <span class='ocrx_word' id='word_1_97' title='bbox 1052 1558 1112 1621; x_wconf 88' lang='lat' dir='ltr'>sed</span> <span class='ocrx_word' id='word_1_98' title='bbox 1137 1560 1278 1622; x_wconf 84' lang='lat' dir='ltr'>candide</span> 
     </span>
     <span class='ocr_line' id='line_1_14' title="bbox 107 1654 1279 1736; baseline 0.001 -18"><span class='ocrx_word' id='word_1_99' title='bbox 107 1666 112 1676; x_wconf 84' lang='grc'><em>·</em></span> <span class='ocrx_word' id='word_1_100' title='bbox 152 1656 240 1718; x_wconf 91' lang='lat' dir='ltr'>dicta</span> <span class='ocrx_word' id='word_1_101' title='bbox 255 1660 286 1717; x_wconf 94' lang='lat' dir='ltr'>et</span> <span class='ocrx_word' id='word_1_102' title='bbox 301 1655 433 1718; x_wconf 88' lang='lat' dir='ltr'>sincera</span> <span class='ocrx_word' id='word_1_103' title='bbox 451 1654 517 1716; x_wconf 91' lang='lat' dir='ltr'>fide</span> <span class='ocrx_word' id='word_1_104' title='bbox 533 1654 657 1733; x_wconf 87' lang='lat' dir='ltr'>scripta</span> <span class='ocrx_word' id='word_1_105' title='bbox 673 1670 747 1716; x_wconf 91' lang='lat' dir='ltr'>esse</span> <span class='ocrx_word' id='word_1_106' title='bbox 763 1657 899 1735; x_wconf 86' lang='lat' dir='ltr'>apparet</span> <span class='ocrx_word' id='word_1_107' title='bbox 915 1672 957 1718; x_wconf 83' lang='lat' dir='ltr'>ex</span> <span class='ocrx_word' id='word_1_108' title='bbox 971 1655 1024 1717; x_wconf 93' lang='lat' dir='ltr'>his</span> <span class='ocrx_word' id='word_1_109' title='bbox 1042 1655 1279 1736; x_wconf 83' lang='lat' dir='ltr'>frequentibus</span> 
     </span>
     <span class='ocr_line' id='line_1_15' title="bbox 151 1750 1278 1833; baseline 0 -17"><span class='ocrx_word' id='word_1_110' title='bbox 151 1753 327 1816; x_wconf 87' lang='lat' dir='ltr'>sententiis</span> <span class='ocrx_word' id='word_1_111' title='bbox 346 1754 378 1817; x_wconf 93' lang='lat' dir='ltr'>et</span> <span class='ocrx_word' id='word_1_112' title='bbox 397 1750 604 1813; x_wconf 80' lang='lat' dir='ltr'>carminibus</span> <span class='ocrx_word' id='word_1_113' title='bbox 622 1768 696 1830; x_wconf 83' lang='lat' dir='ltr'>quae</span> <span class='ocrx_word' id='word_1_114' title='bbox 716 1752 831 1814; x_wconf 90' lang='lat' dir='ltr'>laudat</span> <span class='ocrx_word' id='word_1_115' title='bbox 850 1751 964 1815; x_wconf 84' lang='lat' dir='ltr'>Cicero</span> <span class='ocrx_word' id='word_1_116' title='bbox 988 1755 1020 1815; x_wconf 89' lang='lat' dir='ltr'>et</span> <span class='ocrx_word' id='word_1_117' title='bbox 1037 1769 1056 1814; x_wconf 90' lang='lat' dir='ltr'>a</span> <span class='ocrx_word' id='word_1_118' title='bbox 1072 1755 1194 1833; x_wconf 83' lang='lat' dir='ltr'>graecis</span> <span class='ocrx_word' id='word_1_119' title='bbox 1211 1755 1278 1816; x_wconf 92' lang='lat' dir='ltr'>illis</span> 
     </span>
     <span class='ocr_line' id='line_1_16' title="bbox 151 1848 1278 1932; baseline 0.002 -19"><span class='ocrx_word' id='word_1_120' title='bbox 151 1851 371 1931; x_wconf 87' lang='lat' dir='ltr'>scriptoribus</span> <span class='ocrx_word' id='word_1_121' title='bbox 391 1850 548 1930; x_wconf 82' lang='lat' dir='ltr'>excerpit.</span> <span class='ocrx_word' id='word_1_122' title='bbox 571 1848 651 1919; x_wconf 74' lang='lat' dir='ltr'>Quae</span> <span class='ocrx_word' id='word_1_123' title='bbox 671 1849 744 1911; x_wconf 90' lang='lat' dir='ltr'>loca</span> <span class='ocrx_word' id='word_1_124' title='bbox 763 1851 994 1913; x_wconf 91' lang='lat' dir='ltr'>demonstrant</span> <span class='ocrx_word' id='word_1_125' title='bbox 1010 1868 1114 1930; x_wconf 89' lang='lat' dir='ltr'>quam</span> <span class='ocrx_word' id='word_1_126' title='bbox 1131 1852 1278 1932; x_wconf 83' lang='lat' dir='ltr'>ingenue</span> 
     </span>
     <span class='ocr_line' id='line_1_17' title="bbox 151 1948 1278 2032; baseline -0.001 -19"><span class='ocrx_word' id='word_1_127' title='bbox 151 1953 183 2013; x_wconf 91' lang='lat' dir='ltr'>et</span> <span class='ocrx_word' id='word_1_128' title='bbox 202 1952 313 2028; x_wconf 90' lang='lat' dir='ltr'>aperte</span> <span class='ocrx_word' id='word_1_129' title='bbox 334 1948 447 2027; x_wconf 77' lang='lat' dir='ltr'>gloriae</span> <span class='ocrx_word' id='word_1_130' title='bbox 467 1965 616 2009; x_wconf 89' lang='lat' dir='ltr'>amorem</span> <span class='ocrx_word' id='word_1_131' title='bbox 637 1964 738 2009; x_wconf 91' lang='lat' dir='ltr'>suum</span> <span class='ocrx_word' id='word_1_132' title='bbox 759 1948 794 2009; x_wconf 90' lang='lat' dir='ltr'>in</span> <span class='ocrx_word' id='word_1_133' title='bbox 813 1949 875 2010; x_wconf 92' lang='lat' dir='ltr'>hac</span> <span class='ocrx_word' id='word_1_134' title='bbox 894 1949 1044 2012; x_wconf 88' lang='lat' dir='ltr'>oratione</span> <span class='ocrx_word' id='word_1_135' title='bbox 1057 1966 1127 2032; x_wconf 81' lang='lat' dir='ltr'>pro</span> <span class='ocrx_word' id='word_1_136' title='bbox 1144 1955 1278 2013; x_wconf 74' lang='lat' dir='ltr'>Arabio</span> 
     </span>
     <span class='ocr_line' id='line_1_18' title="bbox 150 2045 1277 2128; baseline 0.001 -19"><span class='ocrx_word' id='word_1_137' title='bbox 150 2048 357 2119; x_wconf 72' lang='lat' dir='ltr'>confiteatur.</span> <span class='ocrx_word' id='word_1_138' title='bbox 377 2049 476 2124; x_wconf 93' lang='lat' dir='ltr'>atque</span> <span class='ocrx_word' id='word_1_139' title='bbox 493 2063 641 2107; x_wconf 90' lang='lat' dir='ltr'>amorem</span> <span class='ocrx_word' id='word_1_140' title='bbox 662 2045 758 2107; x_wconf 92' lang='lat' dir='ltr'>illum</span> <span class='ocrx_word' id='word_1_141' title='bbox 776 2046 875 2109; x_wconf 92' lang='lat' dir='ltr'>nobis</span> <span class='ocrx_word' id='word_1_142' title='bbox 891 2049 1046 2109; x_wconf 90' lang='lat' dir='ltr'>sanctum</span> <span class='ocrx_word' id='word_1_143' title='bbox 1062 2049 1097 2109; x_wconf 91' lang='lat' dir='ltr'>et</span> <span class='ocrx_word' id='word_1_144' title='bbox 1113 2049 1277 2128; x_wconf 85' lang='lat' dir='ltr'>tanquam</span> 
     </span>
     <span class='ocr_line' id='line_1_19' title="bbox 149 2144 1277 2233; baseline -0.001 -25"><span class='ocrx_word' id='word_1_145' title='bbox 149 2147 303 2233; x_wconf 87' lang='lat' dir='ltr'>divinum</span> <span class='ocrx_word' id='word_1_146' title='bbox 322 2145 482 2219; x_wconf 66' lang='lat' dir='ltr'>efficiunt,</span> <span class='ocrx_word' id='word_1_147' title='bbox 500 2144 625 2206; x_wconf 92' lang='lat' dir='ltr'>nedum</span> <span class='ocrx_word' id='word_1_148' title='bbox 645 2145 890 2224; x_wconf 83' lang='lat' dir='ltr'>vituperandus</span> <span class='ocrx_word' id='word_1_149' title='bbox 913 2148 945 2209; x_wconf 95' lang='lat' dir='ltr'>et</span> <span class='ocrx_word' id='word_1_150' title='bbox 965 2146 1029 2209; x_wconf 92' lang='lat' dir='ltr'>sub</span> <span class='ocrx_word' id='word_1_151' title='bbox 1048 2146 1196 2227; x_wconf 89' lang='lat' dir='ltr'>pedibus</span> <span class='ocrx_word' id='word_1_152' title='bbox 1216 2147 1277 2208; x_wconf 92' lang='lat' dir='ltr'>cal-</span> 
     </span>
     <span class='ocr_line' id='line_1_20' title="bbox 148 2242 1275 2328; baseline -0.001 -21"><span class='ocrx_word' id='word_1_153' title='bbox 148 2247 275 2307; x_wconf 90' lang='lat' dir='ltr'>candus</span> <span class='ocrx_word' id='word_1_154' title='bbox 298 2244 327 2304; x_wconf 94' lang='lat' dir='ltr'>is</span> <span class='ocrx_word' id='word_1_155' title='bbox 347 2242 511 2304; x_wconf 88' lang='lat' dir='ltr'>videatur.</span> <span class='ocrx_word' id='word_1_156' title='bbox 531 2242 631 2305; x_wconf 91' lang='lat' dir='ltr'>Haud</span> <span class='ocrx_word' id='word_1_157' title='bbox 651 2242 720 2304; x_wconf 88' lang='lat' dir='ltr'>scio</span> <span class='ocrx_word' id='word_1_158' title='bbox 744 2261 785 2305; x_wconf 94' lang='lat' dir='ltr'>an</span> <span class='ocrx_word' id='word_1_159' title='bbox 808 2261 954 2323; x_wconf 88' lang='lat' dir='ltr'>usquam</span> <span class='ocrx_word' id='word_1_160' title='bbox 970 2248 1118 2319; x_wconf 72' lang='grc' dir='ltr'>πολιτικός</span> <span class='ocrx_word' id='word_1_161' title='bbox 1141 2268 1185 2320; x_wconf 80' lang='grc' dir='ltr'>τις</span> <span class='ocrx_word' id='word_1_162' title='bbox 1208 2246 1275 2328; x_wconf 70' lang='lat' dir='ltr'>drap</span> 
     </span>
     <span class='ocr_line' id='line_1_21' title="bbox 148 2340 1276 2421; baseline 0 -16"><span class='ocrx_word' id='word_1_163' title='bbox 148 2343 285 2405; x_wconf 90' lang='lat' dir='ltr'>elatiora</span> <span class='ocrx_word' id='word_1_164' title='bbox 305 2344 337 2403; x_wconf 90' lang='lat' dir='ltr'>et</span> <span class='ocrx_word' id='word_1_165' title='bbox 356 2341 463 2420; x_wconf 84' lang='lat' dir='ltr'>magis</span> <span class='ocrx_word' id='word_1_166' title='bbox 481 2340 613 2402; x_wconf 86' lang='lat' dir='ltr'>sincera</span> <span class='ocrx_word' id='word_1_167' title='bbox 632 2341 672 2403; x_wconf 91' lang='lat' dir='ltr'>de</span> <span class='ocrx_word' id='word_1_168' title='bbox 692 2358 728 2402; x_wconf 94' lang='lat' dir='ltr'>se</span> <span class='ocrx_word' id='word_1_169' title='bbox 748 2341 850 2404; x_wconf 90' lang='lat' dir='ltr'>verba</span> <span class='ocrx_word' id='word_1_170' title='bbox 870 2360 912 2404; x_wconf 85' lang='lat' dir='ltr'>ex</span> <span class='ocrx_word' id='word_1_171' title='bbox 932 2360 988 2405; x_wconf 93' lang='lat' dir='ltr'>ore</span> <span class='ocrx_word' id='word_1_172' title='bbox 1006 2359 1068 2405; x_wconf 91' lang='lat' dir='ltr'>suo</span> <span class='ocrx_word' id='word_1_173' title='bbox 1087 2343 1276 2421; x_wconf 86' lang='lat' dir='ltr'>profuderit</span> 
     </span>
     <span class='ocr_line' id='line_1_22' title="bbox 147 2439 652 2520; baseline -0.008 -17"><span class='ocrx_word' id='word_1_174' title='bbox 147 2443 178 2503; x_wconf 92' lang='lat' dir='ltr'>et</span> <span class='ocrx_word' id='word_1_175' title='bbox 192 2440 423 2520; x_wconf 78' lang='lat' dir='ltr'>praedicaverit</span> <span class='ocrx_word' id='word_1_176' title='bbox 439 2455 541 2517; x_wconf 90' lang='lat' dir='ltr'>quam</span> <span class='ocrx_word' id='word_1_177' title='bbox 558 2439 629 2500; x_wconf 86' lang='lat' dir='ltr'>baec</span> <span class='ocrx_word' id='word_1_178' title='bbox 645 2457 652 2499; x_wconf 92' lang='lat'>:</span> 
     </span>
    </p>

    <p class='ocr_par' dir='ltr' id='par_1_4' title="bbox 142 2536 1274 3200">
     <span class='ocr_line' id='line_1_23' title="bbox 189 2536 1274 2619; baseline 0.006 -25"><span class='ocrx_word' id='word_1_179' title='bbox 189 2564 199 2594; x_wconf 75' lang='lat' dir='ltr'>d</span> <span class='ocrx_word' id='word_1_180' title='bbox 232 2537 415 2600; x_wconf 88' lang='lat' dir='ltr'>Trahimur</span> <span class='ocrx_word' id='word_1_181' title='bbox 444 2554 561 2599; x_wconf 88' lang='lat' dir='ltr'>onmes</span> <span class='ocrx_word' id='word_1_182' title='bbox 589 2537 701 2599; x_wconf 86' lang='lat' dir='ltr'>laudis</span> <span class='ocrx_word' id='word_1_183' title='bbox 728 2538 859 2612; x_wconf 63' lang='lat' dir='ltr'>studio„</span> <span class='ocrx_word' id='word_1_184' title='bbox 890 2541 922 2600; x_wconf 91' lang='lat' dir='ltr'>et</span> <span class='ocrx_word' id='word_1_185' title='bbox 950 2536 1098 2619; x_wconf 81' lang='lat' dir='ltr'>optimus</span> <span class='ocrx_word' id='word_1_186' title='bbox 1127 2539 1274 2619; x_wconf 91' lang='lat' dir='ltr'>quisque</span> 
     </span>
     <span class='ocr_line' id='line_1_24' title="bbox 146 2635 1272 2716; baseline 0 -17"><span class='ocrx_word' id='word_1_187' title='bbox 146 2638 293 2699; x_wconf 82' lang='lat' dir='ltr'>maxime</span> <span class='ocrx_word' id='word_1_188' title='bbox 308 2636 414 2716; x_wconf 81' lang='lat' dir='ltr'>gloria</span> <span class='ocrx_word' id='word_1_189' title='bbox 432 2636 626 2697; x_wconf 80' lang='lat' dir='ltr'>ducitur2...</span> <span class='ocrx_word' id='word_1_190' title='bbox 643 2636 720 2697; x_wconf 82' lang='lat' dir='ltr'>Jam</span> <span class='ocrx_word' id='word_1_191' title='bbox 736 2654 788 2698; x_wconf 89' lang='lat' dir='ltr'>me</span> <span class='ocrx_word' id='word_1_192' title='bbox 802 2635 911 2712; x_wconf 81' lang='lat' dir='ltr'>vobis,</span> <span class='ocrx_word' id='word_1_193' title='bbox 928 2636 1079 2712; x_wconf 74' lang='lat' dir='ltr'>ludices,</span> <span class='ocrx_word' id='word_1_194' title='bbox 1096 2635 1272 2711; x_wconf 89' lang='lat' dir='ltr'>indicabo;</span> 
     </span>
     <span class='ocr_line' id='line_1_25' title="bbox 145 2733 1273 2814; baseline 0 -17"><span class='ocrx_word' id='word_1_195' title='bbox 145 2736 234 2798; x_wconf 93' lang='lat' dir='ltr'>etde</span> <span class='ocrx_word' id='word_1_196' title='bbox 253 2751 327 2795; x_wconf 91' lang='lat' dir='ltr'>meo</span> <span class='ocrx_word' id='word_1_197' title='bbox 343 2734 489 2812; x_wconf 91' lang='lat' dir='ltr'>quodam</span> <span class='ocrx_word' id='word_1_198' title='bbox 510 2751 623 2795; x_wconf 90' lang='lat' dir='ltr'>amore</span> <span class='ocrx_word' id='word_1_199' title='bbox 644 2733 795 2814; x_wconf 82' lang='lat' dir='ltr'>gloriae...</span> <span class='ocrx_word' id='word_1_200' title='bbox 812 2734 910 2796; x_wconf 88' lang='lat' dir='ltr'>vobis</span> <span class='ocrx_word' id='word_1_201' title='bbox 928 2734 1175 2797; x_wconf 67' lang='lat' dir='ltr'>confitebori...</span> <span class='ocrx_word' id='word_1_202' title='bbox 1192 2735 1273 2797; x_wconf 93' lang='lat' dir='ltr'>Nul-</span> 
     </span>
     <span class='ocr_line' id='line_1_26' title="bbox 144 2832 1273 2913; baseline 0.001 -19"><span class='ocrx_word' id='word_1_203' title='bbox 144 2834 211 2894; x_wconf 90' lang='lat' dir='ltr'>lam</span> <span class='ocrx_word' id='word_1_204' title='bbox 232 2833 340 2894; x_wconf 88' lang='lat' dir='ltr'>virtus</span> <span class='ocrx_word' id='word_1_205' title='bbox 363 2833 464 2894; x_wconf 91' lang='lat' dir='ltr'>aliam</span> <span class='ocrx_word' id='word_1_206' title='bbox 485 2833 674 2894; x_wconf 92' lang='lat' dir='ltr'>mercedem</span> <span class='ocrx_word' id='word_1_207' title='bbox 695 2832 849 2894; x_wconf 90' lang='lat' dir='ltr'>laborum</span> <span class='ocrx_word' id='word_1_208' title='bbox 868 2833 1167 2913; x_wconf 89' lang='lat' dir='ltr'>periculorumque</span> <span class='ocrx_word' id='word_1_209' title='bbox 1187 2833 1273 2896; x_wconf 92' lang='lat' dir='ltr'>desi-</span> 
     </span>
     <span class='ocr_line' id='line_1_27' title="bbox 144 2930 1270 3011; baseline 0.002 -20"><span class='ocrx_word' id='word_1_210' title='bbox 144 2932 253 3004; x_wconf 73' lang='lat' dir='ltr'>derat,</span> <span class='ocrx_word' id='word_1_211' title='bbox 273 2933 394 3011; x_wconf 83' lang='lat' dir='ltr'>praeter</span> <span class='ocrx_word' id='word_1_212' title='bbox 414 2931 500 2991; x_wconf 91' lang='lat' dir='ltr'>banc</span> <span class='ocrx_word' id='word_1_213' title='bbox 522 2931 634 2992; x_wconf 89' lang='lat' dir='ltr'>laudis</span> <span class='ocrx_word' id='word_1_214' title='bbox 659 2931 692 2991; x_wconf 89' lang='lat' dir='ltr'>et</span> <span class='ocrx_word' id='word_1_215' title='bbox 710 2930 842 3010; x_wconf 82' lang='lat' dir='ltr'>gloriae,</span> <span class='ocrx_word' id='word_1_216' title='bbox 864 2948 931 3011; x_wconf 92' lang='lat' dir='ltr'>qua</span> <span class='ocrx_word' id='word_1_217' title='bbox 953 2930 1091 3010; x_wconf 91' lang='lat' dir='ltr'>quidem</span> <span class='ocrx_word' id='word_1_218' title='bbox 1111 2933 1270 3007; x_wconf 89' lang='lat' dir='ltr'>detracta,</span> 
     </span>
     <span class='ocr_line' id='line_1_28' title="bbox 143 3027 1270 3109; baseline 0.002 -21"><span class='ocrx_word' id='word_1_219' title='bbox 143 3028 296 3101; x_wconf 61' lang='lat' dir='ltr'>ludices</span> <span class='ocrx_word' id='word_1_220' title='bbox 314 3028 395 3106; x_wconf 89' lang='lat' dir='ltr'>quid</span> <span class='ocrx_word' id='word_1_221' title='bbox 412 3032 463 3089; x_wconf 90' lang='lat' dir='ltr'>est</span> <span class='ocrx_word' id='word_1_222' title='bbox 482 3028 572 3106; x_wconf 90' lang='lat' dir='ltr'>quod</span> <span class='ocrx_word' id='word_1_223' title='bbox 594 3027 629 3088; x_wconf 91' lang='lat' dir='ltr'>in</span> <span class='ocrx_word' id='word_1_224' title='bbox 649 3027 711 3088; x_wconf 92' lang='lat' dir='ltr'>hoc</span> <span class='ocrx_word' id='word_1_225' title='bbox 729 3030 799 3089; x_wconf 93' lang='lat' dir='ltr'>tam</span> <span class='ocrx_word' id='word_1_226' title='bbox 817 3029 937 3109; x_wconf 79' lang='lat' dir='ltr'>exiguo</span> <span class='ocrx_word' id='word_1_227' title='bbox 957 3028 1036 3090; x_wconf 91' lang='lat' dir='ltr'>vitae</span> <span class='ocrx_word' id='word_1_228' title='bbox 1053 3028 1224 3092; x_wconf 89' lang='lat' dir='ltr'>curriculo</span> <span class='ocrx_word' id='word_1_229' title='bbox 1240 3030 1270 3091; x_wconf 90' lang='lat' dir='ltr'>et</span> 
     </span>
     <span class='ocr_line' id='line_1_29' title="bbox 142 3124 1031 3200; baseline -0.002 -11"><span class='ocrx_word' id='word_1_230' title='bbox 142 3129 211 3189; x_wconf 90' lang='lat' dir='ltr'>tam</span> <span class='ocrx_word' id='word_1_231' title='bbox 226 3126 332 3200; x_wconf 75' lang='lat' dir='ltr'>brevi,</span> <span class='ocrx_word' id='word_1_232' title='bbox 349 3125 452 3187; x_wconf 91' lang='lat' dir='ltr'>tantis</span> <span class='ocrx_word' id='word_1_233' title='bbox 468 3142 529 3186; x_wconf 92' lang='lat' dir='ltr'>nos</span> <span class='ocrx_word' id='word_1_234' title='bbox 546 3125 580 3186; x_wconf 92' lang='lat' dir='ltr'>in</span> <span class='ocrx_word' id='word_1_235' title='bbox 595 3124 770 3187; x_wconf 89' lang='lat' dir='ltr'>laboribus</span> <span class='ocrx_word' id='word_1_236' title='bbox 788 3125 1031 3190; x_wconf 75' lang='lat' dir='ltr'>exerceamus?</span> 
     </span>
    </p>

    <p class='ocr_par' dir='ltr' id='par_1_5' title="bbox 139 3223 1266 3984">
     <span class='ocr_line' id='line_1_30' title="bbox 184 3223 1266 3304; baseline 0.006 -25"><span class='ocrx_word' id='word_1_237' title='bbox 184 3248 196 3279; x_wconf 81' lang='grc'><strong>«</strong></span> <span class='ocrx_word' id='word_1_238' title='bbox 222 3225 317 3286; x_wconf 82' lang='lat' dir='ltr'>Certe</span> <span class='ocrx_word' id='word_1_239' title='bbox 344 3224 372 3284; x_wconf 91' lang='lat' dir='ltr'>si</span> <span class='ocrx_word' id='word_1_240' title='bbox 399 3223 484 3284; x_wconf 91' lang='lat' dir='ltr'>nihil</span> <span class='ocrx_word' id='word_1_241' title='bbox 507 3223 641 3284; x_wconf 82' lang='lat' dir='ltr'>animus</span> <span class='ocrx_word' id='word_1_242' title='bbox 665 3223 877 3302; x_wconf 83' lang='lat' dir='ltr'>praesentiret</span> <span class='ocrx_word' id='word_1_243' title='bbox 900 3225 1146 3304; x_wconf 79' lang='lat' dir='ltr'>inposterum,</span> <span class='ocrx_word' id='word_1_244' title='bbox 1172 3225 1266 3299; x_wconf 84' lang='lat' dir='ltr'>etsi,</span> 
     </span>
     <span class='ocr_line' id='line_1_31' title="bbox 141 3321 1266 3402; baseline 0.001 -19"><span class='ocrx_word' id='word_1_245' title='bbox 141 3323 265 3400; x_wconf 90' lang='lat' dir='ltr'>quibus</span> <span class='ocrx_word' id='word_1_246' title='bbox 280 3321 475 3400; x_wconf 81' lang='lat' dir='ltr'>regionibus</span> <span class='ocrx_word' id='word_1_247' title='bbox 493 3321 569 3382; x_wconf 81' lang='lat' dir='ltr'>vnae</span> <span class='ocrx_word' id='word_1_248' title='bbox 584 3322 730 3401; x_wconf 92' lang='lat' dir='ltr'>spatium</span> <span class='ocrx_word' id='word_1_249' title='bbox 747 3322 1043 3402; x_wconf 90' lang='lat' dir='ltr'>circumscriptum</span> <span class='ocrx_word' id='word_1_250' title='bbox 1059 3325 1122 3397; x_wconf 79' lang='lat' dir='ltr'>est,</span> <span class='ocrx_word' id='word_1_251' title='bbox 1140 3323 1266 3386; x_wconf 87' lang='lat' dir='ltr'>eisdem</span> 
     </span>
     <span class='ocr_line' id='line_1_32' title="bbox 141 3419 1265 3499; baseline 0.002 -18"><span class='ocrx_word' id='word_1_252' title='bbox 141 3437 257 3481; x_wconf 92' lang='lat' dir='ltr'>omnes</span> <span class='ocrx_word' id='word_1_253' title='bbox 272 3419 490 3499; x_wconf 85' lang='lat' dir='ltr'>cogitationes</span> <span class='ocrx_word' id='word_1_254' title='bbox 507 3419 703 3480; x_wconf 87' lang='lat' dir='ltr'>terminaret</span> <span class='ocrx_word' id='word_1_255' title='bbox 719 3437 818 3494; x_wconf 82' lang='lat' dir='ltr'>suos,</span> <span class='ocrx_word' id='word_1_256' title='bbox 840 3437 901 3481; x_wconf 89' lang='lat' dir='ltr'>nec</span> <span class='ocrx_word' id='word_1_257' title='bbox 920 3421 1021 3482; x_wconf 91' lang='lat' dir='ltr'>tantis</span> <span class='ocrx_word' id='word_1_258' title='bbox 1038 3437 1074 3482; x_wconf 90' lang='lat' dir='ltr'>se</span> <span class='ocrx_word' id='word_1_259' title='bbox 1090 3419 1265 3483; x_wconf 87' lang='lat' dir='ltr'>laboribus</span> 
     </span>
     <span class='ocr_line' id='line_1_33' title="bbox 140 3518 1264 3598; baseline 0.001 -18"><span class='ocrx_word' id='word_1_260' title='bbox 140 3518 317 3598; x_wconf 75' lang='lat' dir='ltr'>frangeret,</span> <span class='ocrx_word' id='word_1_261' title='bbox 335 3536 443 3597; x_wconf 89' lang='lat' dir='ltr'>neque</span> <span class='ocrx_word' id='word_1_262' title='bbox 458 3519 506 3579; x_wconf 91' lang='lat' dir='ltr'>tot</span> <span class='ocrx_word' id='word_1_263' title='bbox 522 3519 611 3579; x_wconf 90' lang='lat' dir='ltr'>curis</span> <span class='ocrx_word' id='word_1_264' title='bbox 626 3518 1024 3598; x_wconf 82' lang='lat' dir='ltr'>vigiliisqueangeretur,</span> <span class='ocrx_word' id='word_1_265' title='bbox 1039 3535 1151 3598; x_wconf 91' lang='lat' dir='ltr'>neque</span> <span class='ocrx_word' id='word_1_266' title='bbox 1166 3519 1264 3582; x_wconf 88' lang='lat' dir='ltr'>toties</span> 
     </span>
     <span class='ocr_line' id='line_1_34' title="bbox 140 3616 1263 3696; baseline -0.001 -19"><span class='ocrx_word' id='word_1_267' title='bbox 140 3618 180 3677; x_wconf 93' lang='lat' dir='ltr'>de</span> <span class='ocrx_word' id='word_1_268' title='bbox 205 3617 273 3678; x_wconf 89' lang='lat' dir='ltr'>vita</span> <span class='ocrx_word' id='word_1_269' title='bbox 297 3616 371 3694; x_wconf 88' lang='lat' dir='ltr'>ipsa</span> <span class='ocrx_word' id='word_1_270' title='bbox 396 3616 589 3689; x_wconf 78' lang='lat' dir='ltr'>dimicaret3</span> <span class='ocrx_word' id='word_1_271' title='bbox 622 3633 713 3676; x_wconf 92' lang='lat' dir='ltr'>nunc</span> <span class='ocrx_word' id='word_1_272' title='bbox 741 3616 867 3677; x_wconf 90' lang='lat' dir='ltr'>insidet</span> <span class='ocrx_word' id='word_1_273' title='bbox 895 3617 1049 3694; x_wconf 89' lang='lat' dir='ltr'>quaedam</span> <span class='ocrx_word' id='word_1_274' title='bbox 1077 3616 1110 3677; x_wconf 93' lang='lat' dir='ltr'>in</span> <span class='ocrx_word' id='word_1_275' title='bbox 1138 3617 1263 3696; x_wconf 90' lang='lat' dir='ltr'>optimo</span> 
     </span>
     <span class='ocr_line' id='line_1_35' title="bbox 139 3714 1260 3795; baseline -0.001 -19"><span class='ocrx_word' id='word_1_276' title='bbox 139 3732 272 3794; x_wconf 92' lang='lat' dir='ltr'>quoque</span> <span class='ocrx_word' id='word_1_277' title='bbox 294 3716 410 3788; x_wconf 61' lang='lat' dir='ltr'>virtus.</span> <span class='ocrx_word' id='word_1_278' title='bbox 427 3732 501 3793; x_wconf 80' lang='lat' dir='ltr'>quae</span> <span class='ocrx_word' id='word_1_279' title='bbox 522 3718 634 3776; x_wconf 90' lang='lat' dir='ltr'>noctes</span> <span class='ocrx_word' id='word_1_280' title='bbox 655 3716 687 3775; x_wconf 93' lang='lat' dir='ltr'>et</span> <span class='ocrx_word' id='word_1_281' title='bbox 707 3714 779 3776; x_wconf 91' lang='lat' dir='ltr'>dies</span> <span class='ocrx_word' id='word_1_282' title='bbox 803 3715 956 3776; x_wconf 87' lang='lat' dir='ltr'>animum</span> <span class='ocrx_word' id='word_1_283' title='bbox 974 3714 1088 3795; x_wconf 84' lang='lat' dir='ltr'>gloriae</span> <span class='ocrx_word' id='word_1_284' title='bbox 1110 3714 1260 3777; x_wconf 90' lang='lat' dir='ltr'>stimulis</span> 
     </span>
     <span class='ocr_line' id='line_1_36' title="bbox 139 3812 1260 3893; baseline 0 -19"><span class='ocrx_word' id='word_1_285' title='bbox 139 3814 408 3891; x_wconf 71' lang='lat' dir='ltr'>concitaturque</span> <span class='ocrx_word' id='word_1_286' title='bbox 429 3813 583 3885; x_wconf 77' lang='lat' dir='ltr'>allnronet</span> <span class='ocrx_word' id='word_1_287' title='bbox 605 3830 670 3874; x_wconf 94' lang='lat' dir='ltr'>non</span> <span class='ocrx_word' id='word_1_288' title='bbox 692 3830 769 3873; x_wconf 93' lang='lat' dir='ltr'>cum</span> <span class='ocrx_word' id='word_1_289' title='bbox 790 3813 867 3874; x_wconf 82' lang='lat' dir='ltr'>vitae</span> <span class='ocrx_word' id='word_1_290' title='bbox 888 3816 1037 3893; x_wconf 90' lang='lat' dir='ltr'>tempore</span> <span class='ocrx_word' id='word_1_291' title='bbox 1056 3830 1131 3875; x_wconf 92' lang='lat' dir='ltr'>esse</span> <span class='ocrx_word' id='word_1_292' title='bbox 1153 3812 1260 3874; x_wconf 90' lang='lat' dir='ltr'>dimit·</span> 
     </span>
     <span class='ocr_line' id='line_1_37' title="bbox 139 3909 1258 3984; baseline -0.004 -11"><span class='ocrx_word' id='word_1_293' title='bbox 139 3912 274 3973; x_wconf 89' lang='lat' dir='ltr'>tendam</span> <span class='ocrx_word' id='word_1_294' title='bbox 296 3912 648 3973; x_wconf 87' lang='lat' dir='ltr'>commemorationem</span> <span class='ocrx_word' id='word_1_295' title='bbox 672 3910 819 3971; x_wconf 91' lang='lat' dir='ltr'>nominis</span> <span class='ocrx_word' id='word_1_296' title='bbox 844 3911 963 3984; x_wconf 68' lang='lat' dir='ltr'>nostri,</span> <span class='ocrx_word' id='word_1_297' title='bbox 987 3911 1045 3972; x_wconf 90' lang='lat' dir='ltr'>sed</span> <span class='ocrx_word' id='word_1_298' title='bbox 1068 3927 1146 3973; x_wconf 91' lang='lat' dir='ltr'>cum</span> <span class='ocrx_word' id='word_1_299' title='bbox 1170 3909 1258 3972; x_wconf 91' lang='lat' dir='ltr'>omni</span> 
     </span>
    </p>
   </div>
   <div class='ocr_carea' id='block_1_3' title="bbox 138 4009 1256 4090">
    <p class='ocr_par' dir='ltr' id='par_1_6' title="bbox 138 4009 1256 4090">
     <span class='ocr_line' id='line_1_38' title="bbox 138 4009 1256 4090; baseline -0.001 -20"><span class='ocrx_word' id='word_1_300' title='bbox 138 4011 332 4089; x_wconf 86' lang='lat' dir='ltr'>posteritate</span> <span class='ocrx_word' id='word_1_301' title='bbox 356 4010 633 4089; x_wconf 81' lang='lat' dir='ltr'>adaequandum...</span> <span class='ocrx_word' id='word_1_302' title='bbox 660 4009 728 4088; x_wconf 83' lang='lat' dir='ltr'>Ego</span> <span class='ocrx_word' id='word_1_303' title='bbox 754 4026 831 4070; x_wconf 84' lang='lat' dir='ltr'>vero</span> <span class='ocrx_word' id='word_1_304' title='bbox 856 4010 970 4070; x_wconf 91' lang='lat' dir='ltr'>omnia</span> <span class='ocrx_word' id='word_1_305' title='bbox 993 4026 1068 4088; x_wconf 81' lang='lat' dir='ltr'>quae</span> <span class='ocrx_word' id='word_1_306' title='bbox 1089 4010 1256 4090; x_wconf 78' lang='lat' dir='ltr'>gerebam,</span> 
     </span>
    </p>
   </div>
   <div class='ocr_carea' id='block_1_4' title="bbox 172 4216 1211 4287">
    <p class='ocr_par' dir='ltr' id='par_1_7' title="bbox 172 4216 1211 4287">
     <span class='ocr_line' id='line_1_39' title="bbox 172 4216 1211 4287; baseline -0.003 -12"><span class='ocrx_word' id='word_1_307' title='bbox 172 4222 198 4276; x_wconf 86' lang='lat' dir='ltr'>l.</span> <span class='ocrx_word' id='word_1_308' title='bbox 219 4224 283 4277; x_wconf 87' lang='lat' dir='ltr'>Pro</span> <span class='ocrx_word' id='word_1_309' title='bbox 298 4221 427 4285; x_wconf 79' lang='lat' dir='ltr'>Archia,</span> <span class='ocrx_word' id='word_1_310' title='bbox 441 4220 492 4285; x_wconf 79' lang='lat' dir='ltr'>Vl,</span> <span class='ocrx_word' id='word_1_311' title='bbox 508 4221 552 4275; x_wconf 79' lang='lat' dir='ltr'>ll.</span> <span class='ocrx_word' id='word_1_312' title='bbox 567 4250 600 4259; x_wconf 84' lang='lat'>-</span> <span class='ocrx_word' id='word_1_313' title='bbox 618 4222 644 4275; x_wconf 75' lang='lat' dir='ltr'>a.</span> <span class='ocrx_word' id='word_1_314' title='bbox 663 4220 751 4284; x_wconf 76' lang='lat' dir='ltr'>lunt,</span> <span class='ocrx_word' id='word_1_315' title='bbox 767 4221 818 4287; x_wconf 74' lang='lat' dir='ltr'>xl,</span> <span class='ocrx_word' id='word_1_316' title='bbox 832 4221 876 4276; x_wconf 73' lang='grc'>26.</span> <span class='ocrx_word' id='word_1_317' title='bbox 892 4251 925 4258; x_wconf 95' lang='lat'><em>-</em></span> <span class='ocrx_word' id='word_1_318' title='bbox 939 4219 966 4274; x_wconf 87' lang='lat'>3.</span> <span class='ocrx_word' id='word_1_319' title='bbox 985 4216 1076 4286; x_wconf 78' lang='lat' dir='ltr'>ibid,</span> <span class='ocrx_word' id='word_1_320' title='bbox 1093 4219 1150 4284; x_wconf 87' lang='lat' dir='ltr'>XI,</span> <span class='ocrx_word' id='word_1_321' title='bbox 1165 4218 1211 4274; x_wconf 56' lang='lat' dir='ltr'>Q.</span> 
     </span>
    </p>
   </div>
   <div class='ocr_carea' id='block_1_5' title="bbox 0 0 1418 4808">
    <p class='ocr_par' dir='ltr' id='par_1_8' title="bbox 0 0 1418 4808">
     <span class='ocr_line' id='line_1_40' title="bbox 0 0 1418 4808; baseline 0 6"><span class='ocrx_word' id='word_1_322' title='bbox 0 0 1418 4808; x_wconf 95' lang='lat' dir='ltr'> </span> 
     </span>
    </p>
   </div>
  </div>
 </body>
</html>
