2828 4808
425 825 655 890 suprrnun
677 823 848 890 onpurq
964 822 968 828 ’
1078 805 1081 811 ’

52 1102 131 1153 QUA
155 1077 306 1155 RATIONE
326 1101 370 1144 DE
391 1101 498 1146 REBUS
520 1100 648 1144 GRAECIS
669 1099 807 1144 GRAEGAS
828 1100 931 1146 VOCES
952 1102 1189 1165 USURPAVERI'I'
1256 1097 1261 1108 ’

562 1198 692 1242 CICERO.

105 1520 398 1592 Quemadmodum
411 1537 478 1582 non
492 1518 536 1581 M.
549 1519 699 1581 Tullium
713 1519 954 1599 reprehendere
966 1519 1088 1598 possis,
1100 1519 1190 1597 quod

58 1619 261 1700 peregrinos
278 1620 392 1697 poetas
409 1634 679 1679 commemorans
695 1618 811 1698 propia
829 1635 946 1680 eorum
967 1617 1065 1678 effata
1083 1619 1190 1678 trans-

57 1717 193 1797 cripsit,
217 1734 278 1778 neo
298 1716 399 1778 latine
422 1715 661 1796 interpretatus
682 1717 743 1789 est,
768 1716 814 1776 ita
835 1716 1014 1795 scriptores
1034 1716 1066 1776 et
1085 1714 1189 1776 libros

60 1818 224 1877 externos
248 1815 320 1876 suis
344 1814 494 1894 ipsorum
520 1814 715 1876 nominibus
740 1814 901 1876 indicanti
928 1813 975 1887 ei,
998 1816 1056 1874 aut
1078 1830 1189 1875 mores

59 1915 163 1992 atque
198 1912 351 1974 instituta
379 1910 557 1975 Graiorum
588 1912 706 1992 graecis
733 1911 908 1974 vocabulis
944 1911 1188 1973 demonstranti

60 2009 222 2072 assentiri
244 2026 379 2083 aequum
400 2010 461 2071 est.
814 2059 821 2073 .
968 2013 969 2016 ’

102 2107 275 2170 Praedium
301 2107 510 2187 Epiroticum
536 2107 637 2168 Attici
667 2108 774 2185 primo
805 2107 957 2168 nominat
986 2105 1186 2185 Ἀμαλθεῖοντ

62 2232 74 2263 ι
101 2207 215 2269 Velim
234 2207 275 2267 ad
295 2195 498 2268 mesorihas
521 2206 710 2284 cujusmodi
732 2207 776 2267 sit
804 2204 978 2284 ’Apzltetrr
999 2208 1131 2268 tuum...
1156 2208 1188 2266 et

59 2324 136 2385 quae
157 2306 311 2385 poemata
333 2305 372 2366 de
400 2302 557 2385 Ἀμαλθείᾳ
577 2304 680 2366 hahes
703 2305 744 2366 ad
767 2322 820 2366 me
844 2305 991 2366 mittas1.
1018 2328 1028 2359 r
1057 2303 1187 2366 Deinde

59 2404 166 2466 latine
189 2405 303 2465 exarat
325 2422 332 2464 :
358 2427 369 2460 ι
396 2402 659 2483 Epigrammatis
684 2402 752 2464 tuis
775 2403 907 2482 quaein
932 2402 1110 2465 Amaltheo
1132 2420 1188 2483 po-

61 2502 164 2564 suisti
185 2501 475 2572 contentierimus
488 2501 511 2562 2.
539 2525 550 2557 ι

102 2599 301 2679 Scriptores,
317 2599 353 2660 in
368 2598 581 2680 philosophia
595 2597 782 2678 praesertim
798 2600 960 2673 versatos,
977 2598 1099 2679 quippe
1115 2599 1188 2677 qui-

62 2699 127 2762 bus
146 2699 297 2760 nondum
314 2696 525 2758 familiariter
545 2697 597 2758 usi
619 2695 687 2758 sint
707 2696 864 2770 Romani,
882 2697 1006 2775 quihus
1023 2714 1092 2758 non
1107 2696 1187 2758 uivi-

61 2799 166 2859 tatem
183 2796 346 2870 dederint,
364 2795 490 2857 latinus
507 2812 617 2857 sermo
633 2795 775 2857 harbaro
792 2813 853 2856 suo
870 2795 1005 2857 nomine
1021 2795 1185 2876 designat.
1257 2831 1260 2837 ·

104 2921 115 2953 ι
143 2896 230 2958 Sunt
249 2892 406 2976 Ἀντιόχεια
420 2911 495 2973 quae
512 2893 575 2956 iste
593 2892 687 2956 valde
706 2893 857 2974 prohat³.
879 2917 890 2950 ›
914 2894 1086 2974 (Antiochi
1106 2912 1187 2974 prae·

62 2996 184 3076 cepta.)

105 3118 116 3149 ι
144 3092 225 3165 Quae
241 3094 352 3155 autem
369 3091 424 3154 his
443 3091 652 3172 temporibus
670 3090 802 3172 scripsi,
824 3088 1044 3176 Ἀριστοτέλειον
1059 3108 1186 3154 morem
1301 3150 1303 3155 ,

61 3189 225 3256 hahent‘.
252 3216 263 3248 ι

105 3317 116 3348 ι
144 3290 253 3363 Quare
274 3290 303 3352 si
325 3289 407 3370 quid
430 3291 573 3371 Θεοφάνης
594 3290 707 3351 tecum
733 3288 818 3352 forte
838 3289 1033 3364 contulerit,
1057 3306 1098 3351 ne
1118 3267 1201 3352 om?

61 3391 144 3453 nino
165 3387 385 3471 repudiaris⁵.
413 3411 424 3444 r

105 3513 116 3546 e
143 3490 322 3573 Θεοφράστου
348 3490 411 3570 περὶ
441 3487 605 3570 φιλοτιμίας
631 3485 713 3548 affer
742 3485 826 3547 mihi
852 3485 892 3548 de
918 3485 1015 3548 libris
1044 3484 1082 3559 Q.
1109 3485 1187 3548 Fra·

61 3586 163 3651 trist.
191 3611 203 3643 »
456 3624 458 3628 ·

105 3710 117 3743 ι
144 3684 215 3766 Ego
237 3703 256 3747 a
275 3683 353 3747 Sex.
374 3683 517 3746 Fadio...
542 3682 667 3745 librum
689 3682 814 3746 abstuli
837 3685 962 3758 Νίκωνος
981 3685 1044 3768 περὶ
1063 3655 1188 3767 πολυφο-

63 3788 161 3868 γίαςῖ.
190 3808 201 3840 ¹

102 3999 127 4052 r.
150 3999 198 4051 aa
214 3997 286 4063 nu,
306 3996 329 4059 Ι,
346 3995 390 4058 ro,
409 3995 461 4063 rs;
481 3997 519 4059 n,
538 3996 565 4060 7,
583 3996 610 4050 5.
629 4027 663 4034 -
681 3996 708 4050 a.
728 3995 817 4060 mu,
837 3996 860 4060 1,
877 3995 920 4061 ro,
939 3997 982 4051 ru.
1000 3997 1077 4076 -a
1098 3997 1186 4063 inu,

66 4084 148 4148 xm,
163 4083 207 4146 ra,
219 4081 247 4136 3.
264 4112 298 4119 -
313 4081 338 4135 r.
350 4079 445 4145 ¹loru,
463 4081 542 4146 nur,
559 4081 646 4166 rou.
663 4112 697 4120 -
714 4081 740 4136 5.
758 4079 847 4147 reru,
865 4081 902 4147 11,
918 4081 945 4145 5,
964 4083 989 4136 1.
1006 4113 1039 4120 -
1054 4081 1185 4161 erud,

66 4173 104 4236 n,
120 4172 147 4239 a,
163 4171 190 4227 a.
209 4170 283 4224 -7.
305 4171 352 4223 no
368 4170 469 4233 ram„
486 4169 552 4234 vn,
567 4169 613 4233 ao,
627 4169 654 4225 3.
797 4170 800 4177 ·
1119 4170 1121 4173 ·
