2828 4808
650 327 808 388 ,61-

162 461 236 542 ἄνηρ
260 457 346 520 nihil
368 458 460 521 aliud
483 459 694 537 probandum
715 459 860 539 judicat,
888 460 955 522 nisi
979 459 1069 539 quod
1094 459 1199 522 semel
1223 476 1291 520 am·

161 557 286 638 plexus
306 558 365 632 sit,
382 574 449 638 qua
473 558 614 620 eandem
633 558 725 620 viam
746 575 854 637 usque
878 559 918 620 ad
939 558 1041 620 finem
1064 557 1239 638 improbus
1258 560 1292 619 et

162 672 242 716 acer
255 655 369 717 calcat.
384 655 428 716 At
443 655 617 735 ingenium
632 654 806 717 Ciceronis
822 655 1011 717 miserrime
1027 671 1141 735 sagax,
1159 654 1292 716 acutius

161 753 268 816 etiam
288 756 320 816 et
339 753 447 833 magis
469 754 645 834 perspicax
665 754 790 816 iactum
811 756 882 816 crat
900 770 1006 834 graeca
1025 754 1083 815 illa
1102 755 1293 816 controver-

162 852 294 913 siarum
308 851 498 931 disciplina.

206 948 286 1021 Quae
310 950 506 1012 umbraticae
529 951 794 1013 consultationes
817 951 953 1030 quantis
974 950 1011 1012 in
1033 950 1291 1013 discriminibus

162 1065 182 1110 a
206 1052 319 1111 nostro
343 1047 577 1124 adhibeantur,
602 1050 757 1128 quartam
784 1049 865 1111 noni
889 1047 968 1110 libri
991 1048 1167 1129 epistolam
1186 1049 1290 1110 totam

160 1147 396 1228 pervolventes
415 1146 632 1209 admiramur.
651 1146 762 1209 Caesar
781 1148 871 1209 enim
891 1146 999 1209 hostis
1018 1147 1186 1222 adventat,
1203 1145 1293 1226 Mag-

162 1263 230 1308 nus
250 1245 306 1307 ille
326 1244 422 1324 fugit,
442 1244 572 1308 dubitat
592 1248 706 1308 autem
724 1245 777 1306 vir
796 1245 984 1308 consularis
1004 1246 1119 1307 utrum
1140 1244 1292 1306 initalia

161 1359 336 1404 remanere
354 1360 397 1403 an
415 1342 501 1423 fugae
520 1342 674 1423 Pompeii
693 1344 824 1405 socium
843 1361 879 1405 se
895 1344 1016 1406 addere
1033 1344 1157 1405 deceat.
1176 1343 1293 1404 Abun-

162 1443 244 1504 dant
260 1442 363 1521 igitur
380 1442 538 1521 utrinque
559 1442 718 1516 rationes,
736 1459 796 1504 nec
814 1444 943 1504 certum
963 1441 1067 1504 Attici
1087 1441 1195 1521 ipsius
1216 1458 1292 1502 con·

162 1539 305 1601 silium:
818 1602 823 1610 ,

205 1661 217 1694 ι
243 1637 270 1700 Ο
294 1654 365 1699 rem
388 1636 575 1712 difficilem,
596 1638 761 1718 planeque
777 1637 962 1718 perditamt
979 1637 1087 1709 Quam
1106 1637 1193 1699 nihil
1207 1655 1290 1718 prae·

161 1736 322 1798 termittis
344 1735 381 1796 in
407 1736 549 1798 consilio
574 1737 704 1798 dandol
734 1735 842 1808 Quam
868 1736 953 1797 nihil
979 1737 1092 1798 tamen
1115 1737 1204 1814 quod
1229 1736 1292 1798 tibi

160 1835 290 1914 placeat
305 1834 469 1914 explicasl
485 1835 562 1896 Non
578 1851 652 1897 1111
667 1852 735 1896 111
750 1852 803 1896 me
820 1852 896 1896 cum
915 1834 1076 1913 Pompeio
1090 1835 1215 1914 gaudes
1228 1853 1236 1909 ;
1253 1851 1289 1896 ac

160 1932 322 2012 proponis
338 1949 440 2012 quam
457 1933 501 1994 sit
518 1936 613 2012 turpe
629 1950 683 1994 me
700 1935 817 1995 adesse
833 1933 996 2011 (inimicis
1012 1932 1097 2012 ejus)
1108 1935 1157 1994 ¹...
1185 1957 1195 1988 1

203 2030 311 2102 Quam
339 2032 382 2092 ad
411 2031 724 2111 tergiversationem
753 2031 1030 2093 molestissimam
1060 2031 1287 2105 eximendam,

160 2129 277 2192 statim
293 2132 497 2192 concurrunt
517 2130 727 2192 scholasticae
742 2131 992 2204 controversia,
1012 2130 1137 2191 exteris
1151 2130 1291 2191 locutio-

160 2227 264 2289 nibus
280 2231 438 2304 tractatae,
450 2229 615 2307 ‚quoniam
634 2246 680 2291 eae
699 2230 779 2291 1111
794 2232 987 2291 exterorum
1005 2229 1176 2290 rhetorum
1197 2246 1290 2291 exer·

160 2326 350 2388 citationes.

203 2447 215 2479 ‹
235 2424 305 2504 Ego
319 2424 381 2487 etsi
397 2425 526 2486 tamdiu
542 2425 726 2504 requiesco,
744 2425 905 2504 quamdiu
922 2427 979 2487 aut
996 2427 1039 2487 ad
1054 2428 1086 2488 te
1102 2423 1211 2487 scribo
1229 2428 1286 2488 aut

159 2524 237 2583 tuas
252 2522 382 2585 litteras
396 2523 482 2603 lego,
498 2525 612 2586 tamen
628 2524 745 2603 etipse
762 2541 840 2604 egeo
855 2526 1053 2604 argumento
1069 2523 1288 2611 epistolarum

159 2622 193 2681 11
215 2620 277 2683 tibi
302 2620 392 2683 idem
417 2621 565 2699 accidere
588 2623 677 2683 certo
701 2621 770 2683 scio
795 2640 802 2682 :
826 2639 900 2701 quae
923 2623 1014 2683 enim
1039 2622 1148 2683 soluto
1172 2622 1285 2684 animo

159 2718 373 2781 familiariter
392 2719 495 2781 scribi
520 2720 646 2794 111111,
674 2736 712 2782 11
737 2720 948 2800 temporibus
975 2720 1029 2781 his
1049 2721 1286 2797 excluduntur,

158 2834 235 2895 quae
265 2818 377 2878 autem
404 2818 630 2880 sunthorum
660 2820 867 2899 temporum,
892 2836 931 2880 11
953 2819 1024 2899 jam
1051 2818 1285 2881 contrivimus.

159 2915 226 2978 Sed
246 2917 376 2990 tamen,
402 2934 519 2978 neme
543 2919 651 2979 totum
675 2917 866 2997 aegritudini
892 2918 1028 2991 dedam,
1049 2918 1181 2996 sumpsi
1202 2918 1287 2979 mihi

158 3014 324 3092 quasdam
340 3015 501 3093 tanquam
519 3017 621 3092 θέσεις,
642 3031 717 3094 quae
734 3017 764 3077 et
782 3016 925 3077 πολιτικαὶ
946 3016 1027 3077 1111
1048 3017 1080 3078 11
1096 3018 1286 3095 temporum

158 3111 293 3184 horum,
311 3110 348 3172 ut
363 3112 395 3171 et
416 3111 579 3172 abducam
596 3112 748 3173 animum
768 3112 809 3173 ab
825 3112 974 3191 querelis
989 3115 1021 3175 et
1038 3113 1073 3175 11
1090 3130 1128 3175 11
1144 3113 1230 3193 ipso,
1248 3114 1287 3175 de

157 3226 225 3288 quo
242 3208 362 3288 agitur,
379 3225 548 3270 exercear.
573 3209 630 3271 Eae
646 3212 727 3271 sunt
741 3211 939 3290 huJusmodi
959 3230 966 3272 :

198 3308 233 3369 Εἰ
253 3310 379 3386 μενετέον
401 3309 428 3368 έν
449 3315 483 3390 τῇ
505 3310 616 3390 πατρίδι
642 3315 861 3392 τυραιννευρέυῃς
883 3315 1104 3391 τυραννουμένης
1125 3311 1156 3371 δὲ
1179 3310 1284 3387 αὐτῆς,

157 3405 182 3467 εἰ
202 3407 284 3467 πιιντὶ
305 3407 399 3487 τρόπῳ
422 3408 579 3486 τυραννίδος
600 3408 754 3466 κατάλυσιν
778 3411 1018 3488 πραγματευτεὸν,
1041 3413 1092 3468 κᾶν
1116 3410 1213 3490 μέλλῃ
1239 3410 1286 3468 διὰ
1378 3428 1380 3435 ·

156 3510 238 3565 codro
249 3503 312 3584 περὶ
324 3511 379 3565 τῶν
390 3506 465 3565 έλων
476 3507 494 3580 ἡ
507 3507 591 3577 πόλις
601 3505 799 3582 κινέυνεΰσεινς
815 3505 838 3565 εἰ
851 3504 1020 3582 εὖλαὲητέεν
1032 3507 1078 3566 τὶν
1091 3507 1283 3584 καταλύεντα,

158 3604 196 3681 μὴ
219 3602 303 3675 αὒτὲς
326 3603 459 3683 αἴρηταις
482 3602 505 3664 εἰ
528 3603 673 3683 πειρατέον
694 3603 807 3683 ἀρήγειν
830 3610 865 3685 τῇ
888 3605 999 3683 πατρίδι
1023 3611 1114 3684 καιρῷ
1135 3604 1183 3665 καὶ
1206 3605 1285 3684 λέγῳ

158 3701 270 3778 μᾶλλον
290 3703 309 3776 ἢ
331 3701 466 3780 aeleram
489 3700 513 3762 εἰ
534 3702 677 3762 πελιτικὲν
697 3702 728 3761 τὸ
751 3702 897 3780 ἡσυχάζειν
921 3702 1144 3782 ἀναχωρήσαντέ
1165 3724 1211 3762 πει
1232 3709 1285 3777 τῆς

155 3799 289 3880 πατρίδες
312 3802 546 3879 τυραννευμένης,
571 3802 588 3875 ἢ
612 3799 657 3859 διὰ
679 3800 782 3872 παντὸς
807 3799 877 3860 ἰτέαν
899 3800 1021 3860 κινδύνου
1045 3806 1096 3874 τῆς
1119 3801 1283 3880 ἐλευθερίας

155 3901 235 3977 πέρι;
255 3896 279 3965 εἰ
292 3898 423 3979 ,etism
441 3897 577 3970 ἐπακτέες
593 3904 627 3980 τῇ
642 3900 724 3978 χώρᾳ
738 3898 786 3958 καὶ
803 3899 1005 3977 πελιορκητέῡν
1025 3897 1109 3973 αὐτὴν
1129 3920 1283 3978 τυραννου-

156 3998 240 4073 μένην
250 4013 267 4072 3·
278 3995 303 4056 el
316 3995 364 4056 καὶ
379 3997 418 4074 μὴ
438 3995 623 4074 δοκιμάζοντα
641 3998 691 4070 τὴν
707 3997 752 4055 ua
771 3997 897 4073 πολέμου
912 3997 1066 4057 κατάλυσιν
1082 4003 1134 4071 τῆς
1154 3997 1276 4077 τυραννί-

190 4199 217 4254 1.
239 4200 383 4265 1111,
400 4199 542 4266 lx,1aa‚
559 4199 587 4254 l.
