2828 4808
527 315 530 321 ,
627 322 782 384 ,60-

144 455 391 518 consuetudine
403 455 505 518 latius
520 455 659 535 pateret
672 453 720 516 sio
735 471 868 533 quoque
879 453 940 528 uti,
956 455 1058 534 utque
1074 455 1123 516 sic
1139 456 1270 517 uteren-

144 540 199 617 tur
214 553 385 615 hortatum
401 568 475 614 esse
487 555 509 614 ¹2

184 653 273 714 Raro
294 651 414 713 accidit
433 652 471 712 ut
490 650 605 713 Cicero
626 650 752 730 aliquot
774 650 949 730 cujusdam
974 651 1148 730 scriptoris
1168 651 1269 714 verba

143 751 209 812 sihi
225 752 387 824 assumat,
404 767 490 829 quae,
502 767 579 810 cum
595 766 637 811 ne
657 749 797 811 minime
813 749 951 829 quidem
964 749 1061 829 plura
1078 749 1269 830 significent

143 866 245 929 quam
272 848 416 910 latinum
436 848 650 922 vocabulum,
672 847 765 909 nulla
792 847 921 910 ratione
943 848 1121 928 deligenda
1144 848 1215 910 sint
1238 851 1268 910 et

144 947 363 1026 excerpenda.

188 1043 311 1123 Ἐκέσλή
328 1044 503 1125 digressio,
522 1069 534 1112 ,ι
555 1044 621 1106 Sed
636 1045 706 1106 haec
727 1045 840 1117 fuerit„
856 1045 893 1106 ut
910 1044 957 1106 ait
975 1045 1205 1124 Thucydides,
1221 1048 1267 1108 ἐκ·-

143 1146 215 1221 toth
230 1147 319 1224 λέγσυ
336 1162 403 1206 non
419 1143 582 1205 inutilis2.
603 1167 614 1199 ι
632 1142 700 1204 Cur
714 1161 780 1205 vox
794 1148 964 1219 dimersio
980 1144 1154 1223 repudiata
1167 1144 1267 1207 fuerit

142 1243 204 1303 hac
221 1241 362 1322 epistola
378 1242 503 1304 nescio.

185 1345 341 1421 Στερέμιισι
353 1340 461 1401 firma.
477 1363 488 1395 ι
504 1340 548 1402 Ut
562 1357 600 1402 ea
613 1357 687 1418 quae
700 1339 756 1401 ille
767 1340 900 1419 propter
911 1340 1107 1402 firmitatem
1120 1346 1267 1424 στερέμνια

143 1433 318 1514 appellat³.
335 1457 346 1488 ι
362 1432 429 1494 Cur
442 1451 509 1494 non
525 1433 688 1512 adjectivo
704 1457 715 1488 ι
732 1433 852 1506 firmus
869 1457 880 1488 ι
896 1451 980 1495 usus
995 1434 1050 1508 sit,
1065 1451 1132 1495 non
1148 1434 1264 1513 liquet.

183 1531 374 1610 Aliquoties
399 1531 501 1610 igitur
523 1531 696 1593 affectatus
720 1530 855 1598 videtur
878 1548 989 1593 sermo
1017 1549 1144 1611 graecus
1167 1534 1226 1610 qui
1248 1550 1266 1593 a

141 1630 312 1692 Cicerone·
329 1647 371 1691 ex
399 1629 603 1709 sapientium
630 1629 726 1692 libris
750 1616 913 1703 sumitur,
940 1647 1000 1691 nec
1025 1646 1112 1708 saepe
1139 1648 1176 1692 se
1201 1648 1265 1692 non

141 1728 426 1791 humanissimum
441 1730 606 1790 oratorem
621 1728 704 1808 gerit
720 1729 843 1802 noster,
861 1729 894 1789 at
909 1728 1138 1808 paedagogum.
1153 1730 1184 1789 A
1197 1746 1265 1791 seo·

141 1828 270 1889 laribus
291 1829 403 1888 autem
423 1827 661 1888 controversiis
679 1826 959 1888 consuetudinem
980 1843 1095 1888 secum
1113 1827 1154 1888 de
1173 1827 1265 1889 omni

141 1944 176 1989 re
192 1924 385 2005 disputandi
403 1925 513 1998 habet,
531 1924 633 1986 immo
649 1942 753 2004 graece
769 1924 988 2003 disceptandi.
1004 1924 1039 1987 Si
1054 1925 1266 2002 quandoim-

142 2023 248 2085 minet
270 2040 368 2103 grave
391 2023 438 2084 rei
461 2022 601 2102 publicae
624 2022 829 2102 periculum.
852 2040 918 2084 non
942 2023 1056 2085 statim
1078 2023 1135 2084 ille
1158 2025 1265 2086 consi-

141 2122 226 2183 lium
252 2121 412 2200 concipit,
438 2120 548 2198 neque
574 2119 729 2198 protinus
756 2119 791 2181 in
818 2120 946 2182 medias
971 2120 1207 2183 dimicationes
1231 2140 1265 2184 se

140 2219 273 2301 projicit
292 2221 323 2280 et
338 2235 580 2297 usquequaque
596 2218 729 2280 easdem
748 2221 860 2296 partes
876 2218 1036 2281 defendit.
1056 2217 1101 2280 At
1115 2219 1265 2282 incertus

141 2321 172 2381 et
192 2334 314 2397 anceps
334 2317 468 2378 animus
488 2316 546 2377 diu
568 2317 780 2394 multumque
801 2316 975 2391 deliberat,
996 2320 1176 2396 utrumque
1197 2336 1266 2380 mo-

141 2416 292 2478 mentum
314 2414 503 2494 perpendit,
518 2414 608 2508 quid
633 2414 744 2475 alterae
771 2417 882 2494 partes
907 2415 1056 2490 valeant,
1079 2415 1161 2494 quid
1184 2433 1264 2491 non,
1335 2460 1337 2466 -

142 2509 322 2589 ponderat;
345 2508 380 2569 in
404 2510 581 2587 utramque
606 2508 824 2581 sententiam,
849 2508 948 2570 sicuti
972 2509 1143 2586 quondam
1166 2511 1265 2572 disci-

139 2607 241 2687 pulus
263 2624 321 2686 per
343 2606 537 2668 umbratilia
559 2606 671 2667 studia
693 2605 952 2668 adolescentiam
976 2607 1117 2686 degens
1140 2608 1264 2670 diserte

141 2705 288 2779 disserit,
305 2722 414 2783 neque
435 2705 484 2765 illi
502 2705 624 2767 desunt
644 2704 802 2783 utrinque
821 2705 968 2767 rationes
988 2708 1024 2766 ut
1041 2706 1210 2768 discernat
1229 2708 1263 2768 in

141 2804 250 2865 utram
265 2804 355 2864 viam
371 2802 520 2864 officium
538 2805 570 2864 et
584 2803 680 2876 fides,
697 2803 733 2873 in
749 2804 859 2864 utram
876 2805 1091 2865 commodum
1107 2804 1159 2865 vel
1177 2822 1265 2866 com-

139 2903 300 2983 pendium
320 2901 489 2980 impellat;
510 2902 666 2981 denique,
684 2919 761 2963 cum
780 2901 940 2963 subtilius
959 2903 1144 2981 dispexerit
1161 2904 1264 2966 unius

140 3004 172 3063 et
196 3001 334 3063 alterius
357 3001 461 3079 partis
483 3001 696 3062 infirmitates
720 3003 751 3062 et
775 3001 857 3061 vitia
881 3003 937 3062 aut
958 3001 1117 3075 virtutes,
1140 3003 1263 3084 quippe

139 3100 197 3178 qui
217 3099 436 3160 acutissimus
459 3103 491 3160 et
514 3098 660 3160 maxime
685 3099 871 3159 instructus
895 3099 1073 3160 accesserit
1095 3100 1135 3160 ad
1158 3103 1264 3163 artem

140 3197 358 3271 dialecticam,
376 3199 455 3258 tune
474 3197 511 3258 iit
531 3197 665 3257 animus
686 3196 759 3275 ejus
774 3196 983 3258 haesitantior
1001 3200 1032 3259 et
1053 3198 1160 3277 magis
1177 3217 1265 3261 erra-

139 3297 286 3358 bundus.
301 3294 392 3366 Quas
405 3295 635 3356 cunctationes
649 3294 753 3355 totius
769 3295 844 3356 vitae
859 3295 908 3355 illi
923 3297 1157 3358 consuetudini
1173 3314 1264 3360 exer-

140 3395 337 3457 citationum
357 3411 552 3473 graecarum
571 3393 696 3471 quihus
716 3393 750 3453 in
772 3393 886 3454 schola
903 3394 1002 3455 attica
1021 3394 1074 3456 vel
1092 3395 1264 3458 rhodiensi

140 3493 320 3555 admodum
339 3492 476 3571 juvenis
500 3496 588 3565 θέσεις
618 3493 650 3552 et
678 3492 829 3564 ἀντιθέσεις
856 3492 1008 3553 vicissim
1033 3493 1262 3571 amplificaret,

140 3593 286 3671 quadam
304 3591 431 3653 ratione
451 3590 641 3670 adjudicare
661 3607 727 3651 non
748 3589 984 3652 dubitaverim.
1004 3592 1188 3670 Nunquam
1209 3594 1265 3655 cb-

141 3688 262 3751 solevit
288 3687 369 3767 ipsi,
398 3705 591 3767 quanquam
621 3689 717 3749 aetate
744 3691 916 3767 provecte,
946 3688 1029 3750 illud
1056 3689 1263 3765 institutum,

141 3787 299 3865 utrinque
315 3786 523 3865 disceptandi
540 3803 723 3865 graecorum
740 3786 897 3846 ludorum
918 3804 1020 3848 more.
1042 3787 1178 3848 Etenim
1197 3807 1263 3851 non

139 3887 197 3947 ille
214 3885 254 3946 ab
269 3884 364 3946 iratis
382 3884 489 3945 Musis
509 3884 669 3963 praeditus
682 3887 752 3946 orat
769 3887 878 3945 mente
896 3884 964 3956 illa,
982 3903 1047 3964 qua
1062 3889 1207 3960 πσὶιιιιιές
1222 3912 1264 3962 τις

174 4110 201 4165 1.
223 4107 337 4166 Notula
353 4106 519 4171 Kuehneri,
536 4108 574 4160 Η.
594 4109 612 4160 l.
630 4139 664 4145 —
679 4106 706 4161 2.
725 4108 774 4160 Ad
788 4108 864 4175 Aru,
881 4108 947 4174 VII,
964 4109 989 4175 1,
1006 4108 1032 4163 6.
1051 4108 1094 4163 Cf.
1115 4110 1221 4175 Teuc,
1238 4111 1260 4178 Ι,

139 4196 183 4256 97.
201 4227 235 4234 ·-
250 4195 276 4252 3.
294 4195 336 4248 De
352 4195 426 4250 Not.
444 4193 491 4258 D„
508 4192 531 4258 I,
548 4192 593 4256 19,
608 4192 652 4254 49.
740 4250 742 4254 .
