<?xml version="1.0" encoding="UTF-8"?>
<!DOCTYPE html PUBLIC "-//W3C//DTD XHTML 1.0 Transitional//EN"
    "http://www.w3.org/TR/xhtml1/DTD/xhtml1-transitional.dtd">
<html xmlns="http://www.w3.org/1999/xhtml" xml:lang="en" lang="en">
 <head>
  <title>
</title>
<meta http-equiv="Content-Type" content="text/html;charset=utf-8" />
  <meta name='ocr-system' content='tesseract 3.04.00' />
  <meta name='ocr-capabilities' content='ocr_page ocr_carea ocr_par ocr_line ocrx_word'/>
</head>
<body>
  <div class='ocr_page' id='page_1' title='image "./deciceronegraec00fontgoog_0042.png"; bbox 0 0 2828 4808; ppageno 0'>
   <div class='ocr_carea' id='block_1_1' title="bbox 542 315 784 386">
    <p class='ocr_par' dir='ltr' id='par_1_1' title="bbox 542 315 784 386">
     <span class='ocr_line' id='line_1_1' title="bbox 542 315 784 386; baseline 0 -9"><span class='ocrx_word' id='word_1_1' title='bbox 542 382 543 386; x_wconf 45' lang='lat'>,</span> <span class='ocrx_word' id='word_1_2' title='bbox 624 315 784 377; x_wconf 84' lang='lat'><strong>-27-</strong></span> 
     </span>
    </p>
   </div>
   <div class='ocr_carea' id='block_1_2' title="bbox 137 448 1335 2381">
    <p class='ocr_par' dir='ltr' id='par_1_2' title="bbox 137 448 1335 827">
     <span class='ocr_line' id='line_1_2' title="bbox 138 448 1269 535; baseline -0.003 -21"><span class='ocrx_word' id='word_1_3' title='bbox 138 451 328 514; x_wconf 81' lang='lat' dir='ltr'><strong>acutissimi</strong></span> <span class='ocrx_word' id='word_1_4' title='bbox 347 452 504 514; x_wconf 90' lang='lat' dir='ltr'><strong>homines</strong></span> <span class='ocrx_word' id='word_1_5' title='bbox 524 453 604 514; x_wconf 89' lang='lat' dir='ltr'><strong>tres.</strong></span> <span class='ocrx_word' id='word_1_6' title='bbox 626 450 717 523; x_wconf 87' lang='lat' dir='ltr'><strong>Quin</strong></span> <span class='ocrx_word' id='word_1_7' title='bbox 738 451 840 513; x_wconf 89' lang='lat' dir='ltr'><strong>etiam</strong></span> <span class='ocrx_word' id='word_1_8' title='bbox 859 451 900 513; x_wconf 91' lang='lat' dir='ltr'><strong>ad</strong></span> <span class='ocrx_word' id='word_1_9' title='bbox 919 450 1169 512; x_wconf 82' lang='lat' dir='ltr'><strong>barbarismum</strong></span> <span class='ocrx_word' id='word_1_10' title='bbox 1192 448 1269 535; x_wconf 82' lang='grc' dir='ltr'>ῥιξὸ-</span> 
     </span>
     <span class='ocr_line' id='line_1_3' title="bbox 138 546 1271 630; baseline 0 -20"><span class='ocrx_word' id='word_1_11' title='bbox 138 553 235 630; x_wconf 82' lang='grc' dir='ltr'><strong>θεμιν1</strong></span> <span class='ocrx_word' id='word_1_12' title='bbox 251 549 444 625; x_wconf 78' lang='lat' dir='ltr'><strong>delendum,</strong></span> <span class='ocrx_word' id='word_1_13' title='bbox 460 550 527 612; x_wconf 90' lang='lat' dir='ltr'><strong>duo</strong></span> <span class='ocrx_word' id='word_1_14' title='bbox 544 549 706 612; x_wconf 88' lang='lat' dir='ltr'><strong>vocabula</strong></span> <span class='ocrx_word' id='word_1_15' title='bbox 727 549 852 611; x_wconf 91' lang='lat' dir='ltr'><strong>Bosius</strong></span> <span class='ocrx_word' id='word_1_16' title='bbox 868 550 901 611; x_wconf 93' lang='lat' dir='ltr'><strong>et</strong></span> <span class='ocrx_word' id='word_1_17' title='bbox 922 546 1118 612; x_wconf 88' lang='lat' dir='ltr'><strong>Gronovius</strong></span> <span class='ocrx_word' id='word_1_18' title='bbox 1138 564 1271 610; x_wconf 89' lang='lat' dir='ltr'><strong>creave-</strong></span> 
     </span>
     <span class='ocr_line' id='line_1_4' title="bbox 138 647 1335 728; baseline -0.003 -18"><span class='ocrx_word' id='word_1_19' title='bbox 138 650 219 711; x_wconf 89' lang='lat' dir='ltr'><strong>runt</strong></span> <span class='ocrx_word' id='word_1_20' title='bbox 232 665 307 727; x_wconf 90' lang='lat' dir='ltr'><strong>quae</strong></span> <span class='ocrx_word' id='word_1_21' title='bbox 322 665 497 727; x_wconf 91' lang='lat' dir='ltr'><strong>nunquam</strong></span> <span class='ocrx_word' id='word_1_22' title='bbox 513 665 618 728; x_wconf 81' lang='lat' dir='ltr'><strong>graeca</strong></span> <span class='ocrx_word' id='word_1_23' title='bbox 633 647 847 722; x_wconf 82' lang='lat' dir='ltr'><strong>exstiterunt</strong></span> <span class='ocrx_word' id='word_1_24' title='bbox 860 647 983 727; x_wconf 86' lang='lat' dir='ltr'><strong>quippe</strong></span> <span class='ocrx_word' id='word_1_25' title='bbox 996 662 1142 726; x_wconf 91' lang='lat' dir='ltr'><strong>quorum</strong></span> <span class='ocrx_word' id='word_1_26' title='bbox 1156 662 1269 708; x_wconf 84' lang='lat' dir='ltr'><strong>exem·</strong></span> <span class='ocrx_word' id='word_1_27' title='bbox 1332 719 1335 725; x_wconf 24' lang='grc' dir='ltr'>Ι</span> 
     </span>
     <span class='ocr_line' id='line_1_5' title="bbox 137 742 1268 827; baseline -0.002 -19"><span class='ocrx_word' id='word_1_28' title='bbox 137 747 233 827; x_wconf 91' lang='lat' dir='ltr'><strong>plum</strong></span> <span class='ocrx_word' id='word_1_29' title='bbox 248 763 289 808; x_wconf 82' lang='lat' dir='ltr'><strong>ex</strong></span> <span class='ocrx_word' id='word_1_30' title='bbox 309 745 427 826; x_wconf 84' lang='lat' dir='ltr'><strong>graecis</strong></span> <span class='ocrx_word' id='word_1_31' title='bbox 449 746 645 808; x_wconf 87' lang='lat' dir='ltr'><strong>auctoribus</strong></span> <span class='ocrx_word' id='word_1_32' title='bbox 664 746 882 825; x_wconf 86' lang='lat' dir='ltr'><strong>desumptum</strong></span> <span class='ocrx_word' id='word_1_33' title='bbox 898 744 1007 807; x_wconf 87' lang='lat' dir='ltr'><strong>adbuc</strong></span> <span class='ocrx_word' id='word_1_34' title='bbox 1022 742 1268 806; x_wconf 90' lang='lat' dir='ltr'><strong>desideramus.</strong></span> 
     </span>
    </p>

    <p class='ocr_par' dir='ltr' id='par_1_3' title="bbox 137 841 1271 1220">
     <span class='ocr_line' id='line_1_6' title="bbox 178 841 1270 924; baseline -0.002 -19"><span class='ocrx_word' id='word_1_35' title='bbox 178 843 351 906; x_wconf 92' lang='lat' dir='ltr'><strong>Plurimas</strong></span> <span class='ocrx_word' id='word_1_36' title='bbox 372 861 451 906; x_wconf 92' lang='lat' dir='ltr'><strong>vero</strong></span> <span class='ocrx_word' id='word_1_37' title='bbox 473 844 681 924; x_wconf 83' lang='lat' dir='ltr'><strong>corruptelas</strong></span> <span class='ocrx_word' id='word_1_38' title='bbox 703 843 882 906; x_wconf 89' lang='lat' dir='ltr'><strong>emendare</strong></span> <span class='ocrx_word' id='word_1_39' title='bbox 905 843 1097 922; x_wconf 88' lang='lat' dir='ltr'><strong>desperatas</strong></span> <span class='ocrx_word' id='word_1_40' title='bbox 1121 841 1270 921; x_wconf 83' lang='lat' dir='ltr'><strong>argututi</strong></span> 
     </span>
     <span class='ocr_line' id='line_1_7' title="bbox 137 940 1268 1022; baseline -0.004 -18"><span class='ocrx_word' id='word_1_41' title='bbox 137 943 206 1005; x_wconf 87' lang='lat' dir='ltr'><strong>viri</strong></span> <span class='ocrx_word' id='word_1_42' title='bbox 221 943 457 1022; x_wconf 80' lang='lat' dir='ltr'><strong>nequiverunt,</strong></span> <span class='ocrx_word' id='word_1_43' title='bbox 472 942 653 1022; x_wconf 88' lang='lat' dir='ltr'><strong>aliquando</strong></span> <span class='ocrx_word' id='word_1_44' title='bbox 667 940 769 1004; x_wconf 90' lang='lat' dir='ltr'><strong>etiam</strong></span> <span class='ocrx_word' id='word_1_45' title='bbox 782 941 978 1003; x_wconf 82' lang='lat' dir='ltr'><strong>obscuriora</strong></span> <span class='ocrx_word' id='word_1_46' title='bbox 991 957 1084 1020; x_wconf 83' lang='lat' dir='ltr'><strong>paene</strong></span> <span class='ocrx_word' id='word_1_47' title='bbox 1099 940 1179 1002; x_wconf 91' lang='lat' dir='ltr'><strong>sunt</strong></span> <span class='ocrx_word' id='word_1_48' title='bbox 1194 955 1268 1018; x_wconf 87' lang='lat' dir='ltr'><strong>quae</strong></span> 
     </span>
     <span class='ocr_line' id='line_1_8' title="bbox 139 1037 1271 1121; baseline -0.003 -18"><span class='ocrx_word' id='word_1_49' title='bbox 139 1043 375 1121; x_wconf 91' lang='lat' dir='ltr'><strong>supponuntur</strong></span> <span class='ocrx_word' id='word_1_50' title='bbox 393 1057 573 1120; x_wconf 88' lang='lat' dir='ltr'><strong>quamquae</strong></span> <span class='ocrx_word' id='word_1_51' title='bbox 600 1040 730 1102; x_wconf 87' lang='lat' dir='ltr'><strong>inscius</strong></span> <span class='ocrx_word' id='word_1_52' title='bbox 758 1039 917 1102; x_wconf 87' lang='lat' dir='ltr'><strong>librarius</strong></span> <span class='ocrx_word' id='word_1_53' title='bbox 938 1037 1159 1118; x_wconf 78' lang='lat' dir='ltr'><strong>perturbavit,</strong></span> <span class='ocrx_word' id='word_1_54' title='bbox 1176 1037 1271 1100; x_wconf 90' lang='lat' dir='ltr'><strong>velut</strong></span> 
     </span>
     <span class='ocr_line' id='line_1_9' title="bbox 139 1139 861 1220; baseline -0.004 -17"><span class='ocrx_word' id='word_1_55' title='bbox 139 1140 430 1214; x_wconf 58' lang='lat' dir='ltr'><strong>nepotulorum,</strong></span> <span class='ocrx_word' id='word_1_56' title='bbox 448 1139 540 1202; x_wconf 80' lang='lat' dir='ltr'><strong>velut</strong></span> <span class='ocrx_word' id='word_1_57' title='bbox 555 1140 583 1200; x_wconf 81' lang='grc' dir='ltr'><strong>ἐν</strong></span> <span class='ocrx_word' id='word_1_58' title='bbox 599 1145 661 1213; x_wconf 78' lang='grc' dir='ltr'>τοῖς</span> <span class='ocrx_word' id='word_1_59' title='bbox 675 1140 825 1220; x_wconf 83' lang='grc' dir='ltr'>ἐρωτικοῖς</span> <span class='ocrx_word' id='word_1_60' title='bbox 837 1139 861 1199; x_wconf 83' lang='lat'><strong>³.</strong></span> 
     </span>
    </p>

    <p class='ocr_par' dir='ltr' id='par_1_4' title="bbox 139 1234 1268 1496">
     <span class='ocr_line' id='line_1_10' title="bbox 181 1234 1268 1315; baseline -0.006 -15"><span class='ocrx_word' id='word_1_61' title='bbox 181 1237 251 1300; x_wconf 89' lang='lat' dir='ltr'><strong>Sub</strong></span> <span class='ocrx_word' id='word_1_62' title='bbox 278 1238 339 1299; x_wconf 90' lang='lat' dir='ltr'><strong>bas</strong></span> <span class='ocrx_word' id='word_1_63' title='bbox 362 1237 493 1299; x_wconf 85' lang='lat' dir='ltr'><strong>litteras</strong></span> <span class='ocrx_word' id='word_1_64' title='bbox 518 1239 919 1315; x_wconf 80' lang='grc' dir='ltr'>ΟΥΟΟΙΜΡΙΟΑΜΑΦΙΗΙ,</span> <span class='ocrx_word' id='word_1_65' title='bbox 947 1235 983 1297; x_wconf 92' lang='lat' dir='ltr'><strong>in</strong></span> <span class='ocrx_word' id='word_1_66' title='bbox 1003 1234 1132 1297; x_wconf 88' lang='lat' dir='ltr'><strong>decima</strong></span> <span class='ocrx_word' id='word_1_67' title='bbox 1152 1234 1268 1295; x_wconf 84' lang='lat' dir='ltr'><strong>octava</strong></span> 
     </span>
     <span class='ocr_line' id='line_1_11' title="bbox 140 1331 1268 1416; baseline -0.004 -19"><span class='ocrx_word' id='word_1_68' title='bbox 140 1335 254 1416; x_wconf 89' lang='lat' dir='ltr'><strong>quarti</strong></span> <span class='ocrx_word' id='word_1_69' title='bbox 280 1334 359 1397; x_wconf 90' lang='lat' dir='ltr'><strong>libri</strong></span> <span class='ocrx_word' id='word_1_70' title='bbox 384 1334 537 1415; x_wconf 78' lang='lat' dir='ltr'><strong>epistola,</strong></span> <span class='ocrx_word' id='word_1_71' title='bbox 564 1334 705 1397; x_wconf 87' lang='lat' dir='ltr'><strong>Boetius</strong></span> <span class='ocrx_word' id='word_1_72' title='bbox 729 1334 801 1414; x_wconf 92' lang='lat' dir='ltr'><strong>ipse</strong></span> <span class='ocrx_word' id='word_1_73' title='bbox 825 1333 1006 1408; x_wconf 79' lang='lat' dir='ltr'><strong>exclamat,</strong></span> <span class='ocrx_word' id='word_1_74' title='bbox 1035 1350 1135 1414; x_wconf 91' lang='lat' dir='ltr'><strong>quem</strong></span> <span class='ocrx_word' id='word_1_75' title='bbox 1161 1331 1268 1394; x_wconf 91' lang='lat' dir='ltr'><strong>semel</strong></span> 
     </span>
     <span class='ocr_line' id='line_1_12' title="bbox 139 1432 563 1496; baseline -0.005 0"><span class='ocrx_word' id='word_1_76' title='bbox 139 1433 357 1496; x_wconf 88' lang='lat' dir='ltr'><strong>confitentem</strong></span> <span class='ocrx_word' id='word_1_77' title='bbox 371 1432 537 1494; x_wconf 90' lang='lat' dir='ltr'><strong>habemus</strong></span> <span class='ocrx_word' id='word_1_78' title='bbox 556 1451 563 1494; x_wconf 92' lang='lat'><strong>:</strong></span> 
     </span>
    </p>

    <p class='ocr_par' dir='ltr' id='par_1_5' title="bbox 137 1528 1268 1709">
     <span class='ocr_line' id='line_1_13' title="bbox 183 1528 1268 1603; baseline 0.002 -15"><span class='ocrx_word' id='word_1_79' title='bbox 183 1555 194 1588; x_wconf 71' lang='grc' dir='ltr'>ι</span> <span class='ocrx_word' id='word_1_80' title='bbox 221 1530 302 1603; x_wconf 86' lang='lat' dir='ltr'><strong>Quae</strong></span> <span class='ocrx_word' id='word_1_81' title='bbox 317 1532 399 1594; x_wconf 90' lang='lat' dir='ltr'><strong>adeo</strong></span> <span class='ocrx_word' id='word_1_82' title='bbox 415 1531 559 1595; x_wconf 89' lang='lat' dir='ltr'><strong>obscura</strong></span> <span class='ocrx_word' id='word_1_83' title='bbox 578 1533 658 1593; x_wconf 92' lang='lat' dir='ltr'><strong>sunt</strong></span> <span class='ocrx_word' id='word_1_84' title='bbox 677 1531 714 1592; x_wconf 93' lang='lat' dir='ltr'><strong>ut</strong></span> <span class='ocrx_word' id='word_1_85' title='bbox 732 1529 848 1592; x_wconf 87' lang='lat' dir='ltr'><strong>Cicero</strong></span> <span class='ocrx_word' id='word_1_86' title='bbox 864 1529 963 1592; x_wconf 92' lang='lat' dir='ltr'><strong>nobis</strong></span> <span class='ocrx_word' id='word_1_87' title='bbox 983 1530 1024 1592; x_wconf 90' lang='lat' dir='ltr'><strong>ab</strong></span> <span class='ocrx_word' id='word_1_88' title='bbox 1045 1528 1165 1592; x_wconf 83' lang='lat' dir='ltr'><strong>inieris</strong></span> <span class='ocrx_word' id='word_1_89' title='bbox 1181 1528 1268 1591; x_wconf 82' lang='lat' dir='ltr'><strong>exci-</strong></span> 
     </span>
     <span class='ocr_line' id='line_1_14' title="bbox 137 1628 957 1709; baseline -0.011 -16"><span class='ocrx_word' id='word_1_90' title='bbox 137 1631 262 1693; x_wconf 87' lang='lat' dir='ltr'><strong>tandus</strong></span> <span class='ocrx_word' id='word_1_91' title='bbox 277 1631 378 1704; x_wconf 79' lang='lat' dir='ltr'><strong>esset,</strong></span> <span class='ocrx_word' id='word_1_92' title='bbox 394 1631 432 1693; x_wconf 93' lang='lat' dir='ltr'><strong>ut</strong></span> <span class='ocrx_word' id='word_1_93' title='bbox 445 1647 520 1709; x_wconf 87' lang='lat' dir='ltr'><strong>quae</strong></span> <span class='ocrx_word' id='word_1_94' title='bbox 535 1628 707 1708; x_wconf 90' lang='lat' dir='ltr'><strong>scripserit</strong></span> <span class='ocrx_word' id='word_1_95' title='bbox 723 1628 923 1708; x_wconf 73' lang='lat' dir='ltr'><strong>explicaret!</strong></span> <span class='ocrx_word' id='word_1_96' title='bbox 945 1651 957 1684; x_wconf 82' lang='lat'><strong>»</strong></span> 
     </span>
    </p>

    <p class='ocr_par' dir='ltr' id='par_1_6' title="bbox 139 1725 1296 2381">
     <span class='ocr_line' id='line_1_15' title="bbox 182 1725 1269 1808; baseline -0.002 -18"><span class='ocrx_word' id='word_1_97' title='bbox 182 1727 350 1800; x_wconf 86' lang='lat' dir='ltr'><strong>Quoniam</strong></span> <span class='ocrx_word' id='word_1_98' title='bbox 371 1727 499 1808; x_wconf 86' lang='lat' dir='ltr'><strong>aliquot</strong></span> <span class='ocrx_word' id='word_1_99' title='bbox 516 1728 619 1790; x_wconf 91' lang='lat' dir='ltr'><strong>verba</strong></span> <span class='ocrx_word' id='word_1_100' title='bbox 637 1727 860 1807; x_wconf 89' lang='lat' dir='ltr'><strong>incomposita</strong></span> <span class='ocrx_word' id='word_1_101' title='bbox 875 1727 984 1789; x_wconf 89' lang='lat' dir='ltr'><strong>adbuc</strong></span> <span class='ocrx_word' id='word_1_102' title='bbox 999 1725 1034 1788; x_wconf 90' lang='lat' dir='ltr'><strong>in</strong></span> <span class='ocrx_word' id='word_1_103' title='bbox 1054 1725 1171 1806; x_wconf 83' lang='lat' dir='ltr'><strong>graecis</strong></span> <span class='ocrx_word' id='word_1_104' title='bbox 1185 1725 1269 1788; x_wconf 89' lang='lat' dir='ltr'><strong>locis</strong></span> 
     </span>
     <span class='ocr_line' id='line_1_16' title="bbox 140 1823 1270 1906; baseline -0.005 -16"><span class='ocrx_word' id='word_1_105' title='bbox 140 1828 280 1901; x_wconf 82' lang='lat' dir='ltr'><strong>restant,</strong></span> <span class='ocrx_word' id='word_1_106' title='bbox 296 1826 549 1906; x_wconf 88' lang='lat' dir='ltr'><strong>requirentibus</strong></span> <span class='ocrx_word' id='word_1_107' title='bbox 565 1825 663 1888; x_wconf 90' lang='lat' dir='ltr'><strong>nobis</strong></span> <span class='ocrx_word' id='word_1_108' title='bbox 677 1842 825 1904; x_wconf 91' lang='lat' dir='ltr'><strong>quonam</strong></span> <span class='ocrx_word' id='word_1_109' title='bbox 840 1825 940 1887; x_wconf 92' lang='lat' dir='ltr'><strong>modo</strong></span> <span class='ocrx_word' id='word_1_110' title='bbox 956 1823 1001 1886; x_wconf 89' lang='lat' dir='ltr'><strong>M.</strong></span> <span class='ocrx_word' id='word_1_111' title='bbox 1018 1824 1151 1887; x_wconf 86' lang='lat' dir='ltr'><strong>Tullius</strong></span> <span class='ocrx_word' id='word_1_112' title='bbox 1164 1841 1270 1904; x_wconf 85' lang='lat' dir='ltr'><strong>graeea</strong></span> 
     </span>
     <span class='ocr_line' id='line_1_17' title="bbox 139 1922 1268 2005; baseline -0.004 -18"><span class='ocrx_word' id='word_1_113' title='bbox 139 1925 257 2005; x_wconf 83' lang='lat' dir='ltr'><strong>lingua</strong></span> <span class='ocrx_word' id='word_1_114' title='bbox 271 1942 355 1987; x_wconf 90' lang='lat' dir='ltr'><strong>usus</strong></span> <span class='ocrx_word' id='word_1_115' title='bbox 371 1926 471 1999; x_wconf 74' lang='lat' dir='ltr'><strong>esset,</strong></span> <span class='ocrx_word' id='word_1_116' title='bbox 492 1924 692 2005; x_wconf 82' lang='lat' dir='ltr'><strong>negligenda</strong></span> <span class='ocrx_word' id='word_1_117' title='bbox 706 1941 745 1986; x_wconf 89' lang='lat' dir='ltr'><strong>ea</strong></span> <span class='ocrx_word' id='word_1_118' title='bbox 763 1923 913 1998; x_wconf 83' lang='lat' dir='ltr'><strong>fuerunt,</strong></span> <span class='ocrx_word' id='word_1_119' title='bbox 932 1940 974 1985; x_wconf 92' lang='lat' dir='ltr'><strong>ne</strong></span> <span class='ocrx_word' id='word_1_120' title='bbox 994 1923 1076 2002; x_wconf 87' lang='lat' dir='ltr'><strong>quid</strong></span> <span class='ocrx_word' id='word_1_121' title='bbox 1091 1922 1268 1984; x_wconf 92' lang='lat' dir='ltr'><strong>ruinosum</strong></span> 
     </span>
     <span class='ocr_line' id='line_1_18' title="bbox 139 2019 1271 2102; baseline -0.004 -16"><span class='ocrx_word' id='word_1_122' title='bbox 139 2022 334 2086; x_wconf 87' lang='lat' dir='ltr'><strong>labantibus</strong></span> <span class='ocrx_word' id='word_1_123' title='bbox 352 2022 584 2085; x_wconf 87' lang='lat' dir='ltr'><strong>fundamentis</strong></span> <span class='ocrx_word' id='word_1_124' title='bbox 604 2023 928 2102; x_wconf 91' lang='lat' dir='ltr'><strong>superstrueremus.</strong></span> <span class='ocrx_word' id='word_1_125' title='bbox 944 2020 1191 2085; x_wconf 87' lang='lat' dir='ltr'><strong>Deficientibus</strong></span> <span class='ocrx_word' id='word_1_126' title='bbox 1210 2019 1271 2100; x_wconf 83' lang='lat' dir='ltr'><strong>igi·</strong></span> 
     </span>
     <span class='ocr_line' id='line_1_19' title="bbox 139 2118 1269 2199; baseline -0.006 -12"><span class='ocrx_word' id='word_1_127' title='bbox 139 2125 197 2187; x_wconf 94' lang='lat' dir='ltr'><strong>tur</strong></span> <span class='ocrx_word' id='word_1_128' title='bbox 210 2121 282 2185; x_wconf 88' lang='lat' dir='ltr'><strong>litis</strong></span> <span class='ocrx_word' id='word_1_129' title='bbox 296 2121 470 2183; x_wconf 90' lang='lat' dir='ltr'><strong>nonnullis</strong></span> <span class='ocrx_word' id='word_1_130' title='bbox 484 2120 732 2196; x_wconf 75' lang='lat' dir='ltr'><strong>instrumentis</strong></span> <span class='ocrx_word' id='word_1_131' title='bbox 750 2122 783 2182; x_wconf 91' lang='lat' dir='ltr'><strong>et</strong></span> <span class='ocrx_word' id='word_1_132' title='bbox 803 2122 964 2199; x_wconf 90' lang='lat' dir='ltr'><strong>tanquam</strong></span> <span class='ocrx_word' id='word_1_133' title='bbox 983 2118 1141 2193; x_wconf 73' lang='lat' dir='ltr'><strong>testibus,</strong></span> <span class='ocrx_word' id='word_1_134' title='bbox 1159 2135 1269 2197; x_wconf 90' lang='lat' dir='ltr'><strong>neque</strong></span> 
     </span>
     <span class='ocr_line' id='line_1_20' title="bbox 141 2215 1296 2299; baseline -0.004 -16"><span class='ocrx_word' id='word_1_135' title='bbox 141 2237 215 2283; x_wconf 91' lang='lat' dir='ltr'><strong>rem</strong></span> <span class='ocrx_word' id='word_1_136' title='bbox 224 2221 329 2283; x_wconf 91' lang='lat' dir='ltr'><strong>totam</strong></span> <span class='ocrx_word' id='word_1_137' title='bbox 339 2219 544 2299; x_wconf 75' lang='lat' dir='ltr'><strong>perquirere,</strong></span> <span class='ocrx_word' id='word_1_138' title='bbox 556 2235 665 2298; x_wconf 89' lang='lat' dir='ltr'><strong>neque</strong></span> <span class='ocrx_word' id='word_1_139' title='bbox 676 2217 878 2282; x_wconf 90' lang='lat' dir='ltr'><strong>sententiam</strong></span> <span class='ocrx_word' id='word_1_140' title='bbox 888 2217 1048 2280; x_wconf 93' lang='lat' dir='ltr'><strong>omnibus</strong></span> <span class='ocrx_word' id='word_1_141' title='bbox 1060 2215 1269 2296; x_wconf 87' lang='lat' dir='ltr'><strong>argumentis</strong></span> <span class='ocrx_word' id='word_1_142' title='bbox 1295 2225 1296 2229; x_wconf 76' lang='grc'>’</span> 
     </span>
     <span class='ocr_line' id='line_1_21' title="bbox 140 2316 686 2381; baseline -0.005 0"><span class='ocrx_word' id='word_1_143' title='bbox 140 2319 215 2381; x_wconf 90' lang='lat' dir='ltr'><strong>suis</strong></span> <span class='ocrx_word' id='word_1_144' title='bbox 229 2317 350 2381; x_wconf 87' lang='lat' dir='ltr'><strong>fretam</strong></span> <span class='ocrx_word' id='word_1_145' title='bbox 364 2317 484 2380; x_wconf 82' lang='lat' dir='ltr'><strong>afferre</strong></span> <span class='ocrx_word' id='word_1_146' title='bbox 501 2334 564 2380; x_wconf 92' lang='lat' dir='ltr'><strong>nos</strong></span> <span class='ocrx_word' id='word_1_147' title='bbox 579 2316 686 2379; x_wconf 89' lang='lat' dir='ltr'><strong>licuit.</strong></span> 
     </span>
    </p>
   </div>
   <div class='ocr_carea' id='block_1_3' title="bbox 181 2413 1270 2496">
    <p class='ocr_par' dir='ltr' id='par_1_7' title="bbox 181 2413 1270 2496">
     <span class='ocr_line' id='line_1_22' title="bbox 181 2413 1270 2496; baseline -0.001 -19"><span class='ocrx_word' id='word_1_148' title='bbox 181 2415 348 2479; x_wconf 81' lang='lat' dir='ltr'><strong>Praeterea</strong></span> <span class='ocrx_word' id='word_1_149' title='bbox 362 2432 430 2478; x_wconf 94' lang='lat' dir='ltr'><strong>non</strong></span> <span class='ocrx_word' id='word_1_150' title='bbox 445 2415 609 2496; x_wconf 86' lang='lat' dir='ltr'><strong>cujusque</strong></span> <span class='ocrx_word' id='word_1_151' title='bbox 625 2415 724 2495; x_wconf 84' lang='lat' dir='ltr'><strong>graeci</strong></span> <span class='ocrx_word' id='word_1_152' title='bbox 742 2415 899 2478; x_wconf 87' lang='lat' dir='ltr'><strong>vocabuli</strong></span> <span class='ocrx_word' id='word_1_153' title='bbox 914 2414 1079 2495; x_wconf 80' lang='lat' dir='ltr'><strong>exempla,</strong></span> <span class='ocrx_word' id='word_1_154' title='bbox 1096 2431 1138 2476; x_wconf 85' lang='lat' dir='ltr'><strong>ex</strong></span> <span class='ocrx_word' id='word_1_155' title='bbox 1159 2413 1270 2476; x_wconf 92' lang='lat' dir='ltr'><strong>aucto-</strong></span> 
     </span>
    </p>
   </div>
   <div class='ocr_carea' id='block_1_4' title="bbox 140 2513 1270 2971">
    <p class='ocr_par' dir='ltr' id='par_1_8' title="bbox 140 2513 1270 2971">
     <span class='ocr_line' id='line_1_23' title="bbox 141 2513 1269 2595; baseline -0.005 -15"><span class='ocrx_word' id='word_1_156' title='bbox 141 2515 240 2580; x_wconf 92' lang='lat' dir='ltr'><strong>ritate</strong></span> <span class='ocrx_word' id='word_1_157' title='bbox 271 2532 455 2595; x_wconf 81' lang='lat' dir='ltr'><strong>graecorum</strong></span> <span class='ocrx_word' id='word_1_158' title='bbox 488 2515 691 2594; x_wconf 87' lang='lat' dir='ltr'><strong>scriptorum</strong></span> <span class='ocrx_word' id='word_1_159' title='bbox 717 2515 914 2594; x_wconf 79' lang='lat' dir='ltr'><strong>desumpta,</strong></span> <span class='ocrx_word' id='word_1_160' title='bbox 942 2513 1041 2576; x_wconf 91' lang='lat' dir='ltr'><strong>nobis</strong></span> <span class='ocrx_word' id='word_1_161' title='bbox 1071 2514 1269 2587; x_wconf 85' lang='lat' dir='ltr'><strong>occurrunt,</strong></span> 
     </span>
     <span class='ocr_line' id='line_1_24' title="bbox 141 2609 1269 2694; baseline -0.005 -18"><span class='ocrx_word' id='word_1_162' title='bbox 141 2612 418 2694; x_wconf 87' lang='lat' dir='ltr'><strong>quandoquidem</strong></span> <span class='ocrx_word' id='word_1_163' title='bbox 442 2612 597 2692; x_wconf 87' lang='lat' dir='ltr'><strong>plurimae</strong></span> <span class='ocrx_word' id='word_1_164' title='bbox 623 2611 750 2674; x_wconf 86' lang='lat' dir='ltr'><strong>divitiae</strong></span> <span class='ocrx_word' id='word_1_165' title='bbox 782 2612 972 2674; x_wconf 89' lang='lat' dir='ltr'><strong>litterarum</strong></span> <span class='ocrx_word' id='word_1_166' title='bbox 995 2611 1209 2690; x_wconf 89' lang='lat' dir='ltr'><strong>antiquarum</strong></span> <span class='ocrx_word' id='word_1_167' title='bbox 1233 2609 1269 2671; x_wconf 91' lang='lat' dir='ltr'><strong>in</strong></span> 
     </span>
     <span class='ocr_line' id='line_1_25' title="bbox 142 2708 1270 2790; baseline -0.004 -15"><span class='ocrx_word' id='word_1_168' title='bbox 142 2714 303 2775; x_wconf 86' lang='lat' dir='ltr'><strong>aeternam</strong></span> <span class='ocrx_word' id='word_1_169' title='bbox 322 2714 456 2774; x_wconf 94' lang='lat' dir='ltr'><strong>noctem</strong></span> <span class='ocrx_word' id='word_1_170' title='bbox 477 2713 556 2773; x_wconf 90' lang='lat' dir='ltr'><strong>sunt</strong></span> <span class='ocrx_word' id='word_1_171' title='bbox 576 2711 703 2774; x_wconf 89' lang='lat' dir='ltr'><strong>obrutae</strong></span> <span class='ocrx_word' id='word_1_172' title='bbox 723 2729 731 2772; x_wconf 74' lang='grc' dir='ltr'><strong><em>ε</em></strong></span> <span class='ocrx_word' id='word_1_173' title='bbox 751 2710 866 2790; x_wconf 90' lang='lat' dir='ltr'><strong>qualia</strong></span> <span class='ocrx_word' id='word_1_174' title='bbox 888 2710 956 2772; x_wconf 90' lang='lat' dir='ltr'><strong>sint</strong></span> <span class='ocrx_word' id='word_1_175' title='bbox 975 2712 1067 2772; x_wconf 84' lang='lat' dir='ltr'><strong>etex</strong></span> <span class='ocrx_word' id='word_1_176' title='bbox 1087 2726 1154 2788; x_wconf 92' lang='lat' dir='ltr'><strong>quo</strong></span> <span class='ocrx_word' id='word_1_177' title='bbox 1178 2708 1270 2770; x_wconf 88' lang='lat' dir='ltr'><strong>fonte</strong></span> 
     </span>
     <span class='ocr_line' id='line_1_26' title="bbox 141 2807 1270 2888; baseline -0.004 -16"><span class='ocrx_word' id='word_1_178' title='bbox 141 2810 213 2872; x_wconf 89' lang='lat' dir='ltr'><strong>sint</strong></span> <span class='ocrx_word' id='word_1_179' title='bbox 241 2808 364 2872; x_wconf 84' lang='lat' dir='ltr'><strong>hausta</strong></span> <span class='ocrx_word' id='word_1_180' title='bbox 391 2809 546 2888; x_wconf 89' lang='lat' dir='ltr'><strong>quaedam</strong></span> <span class='ocrx_word' id='word_1_181' title='bbox 575 2808 748 2872; x_wconf 85' lang='lat' dir='ltr'><strong>Ciceronis</strong></span> <span class='ocrx_word' id='word_1_182' title='bbox 775 2808 878 2872; x_wconf 88' lang='lat' dir='ltr'><strong>verba</strong></span> <span class='ocrx_word' id='word_1_183' title='bbox 907 2823 1152 2887; x_wconf 89' lang='lat' dir='ltr'><strong>nonnunquam</strong></span> <span class='ocrx_word' id='word_1_184' title='bbox 1177 2807 1270 2886; x_wconf 82' lang='lat' dir='ltr'><strong>igno-</strong></span> 
     </span>
     <span class='ocr_line' id='line_1_27' title="bbox 140 2925 269 2971; baseline -0.008 0"><span class='ocrx_word' id='word_1_185' title='bbox 140 2925 269 2971; x_wconf 88' lang='lat' dir='ltr'><strong>ramus.</strong></span> 
     </span>
    </p>
   </div>
   <div class='ocr_carea' id='block_1_5' title="bbox 177 3098 1264 3176">
    <p class='ocr_par' dir='ltr' id='par_1_9' title="bbox 177 3098 1264 3176">
     <span class='ocr_line' id='line_1_28' title="bbox 177 3098 1264 3176; baseline -0.002 -16"><span class='ocrx_word' id='word_1_186' title='bbox 177 3106 204 3161; x_wconf 86' lang='lat'><strong>1.</strong></span> <span class='ocrx_word' id='word_1_187' title='bbox 220 3106 268 3161; x_wconf 82' lang='lat' dir='ltr'><strong>Ad</strong></span> <span class='ocrx_word' id='word_1_188' title='bbox 283 3106 355 3173; x_wconf 70' lang='lat' dir='ltr'><strong>aa„</strong></span> <span class='ocrx_word' id='word_1_189' title='bbox 367 3106 447 3173; x_wconf 87' lang='lat' dir='ltr'>XIV,</span> <span class='ocrx_word' id='word_1_190' title='bbox 459 3105 503 3172; x_wconf 89' lang='grc'><strong>10,</strong></span> <span class='ocrx_word' id='word_1_191' title='bbox 519 3105 547 3162; x_wconf 90' lang='grc'><strong>3.</strong></span> <span class='ocrx_word' id='word_1_192' title='bbox 564 3137 599 3147; x_wconf 92' lang='grc'><strong>-</strong></span> <span class='ocrx_word' id='word_1_193' title='bbox 613 3098 646 3164; x_wconf 54' lang='grc'><strong>2(</strong></span> <span class='ocrx_word' id='word_1_194' title='bbox 658 3105 749 3176; x_wconf 66' lang='lat' dir='ltr'><strong>ibid„</strong></span> <span class='ocrx_word' id='word_1_195' title='bbox 765 3106 817 3174; x_wconf 88' lang='lat' dir='ltr'><strong>IV,</strong></span> <span class='ocrx_word' id='word_1_196' title='bbox 829 3104 875 3172; x_wconf 90' lang='grc'><strong>18,</strong></span> <span class='ocrx_word' id='word_1_197' title='bbox 890 3106 917 3160; x_wconf 93' lang='grc'><strong>1.</strong></span> <span class='ocrx_word' id='word_1_198' title='bbox 928 3135 960 3147; x_wconf 90' lang='grc'><strong>-</strong></span> <span class='ocrx_word' id='word_1_199' title='bbox 970 3103 998 3160; x_wconf 90' lang='grc'><strong>3.</strong></span> <span class='ocrx_word' id='word_1_200' title='bbox 1014 3103 1104 3169; x_wconf 67' lang='lat' dir='ltr'><strong>ibid„</strong></span> <span class='ocrx_word' id='word_1_201' title='bbox 1116 3103 1169 3170; x_wconf 89' lang='lat' dir='ltr'><strong>IX,</strong></span> <span class='ocrx_word' id='word_1_202' title='bbox 1181 3102 1264 3168; x_wconf 87' lang='lat'><strong>10‚·2.</strong></span> 
     </span>
    </p>
   </div>
   <div class='ocr_carea' id='block_1_6' title="bbox 0 0 1422 4808">
    <p class='ocr_par' dir='ltr' id='par_1_10' title="bbox 0 0 1422 4808">
     <span class='ocr_line' id='line_1_29' title="bbox 0 0 1422 4808; baseline 0 0"><span class='ocrx_word' id='word_1_203' title='bbox 0 0 1422 4808; x_wconf 95' lang='lat' dir='ltr'><strong> </strong></span> 
     </span>
    </p>
   </div>
  </div>
 </body>
</html>
