2828 4808
630 319 788 382 -95-

154 448 298 512 maxima
329 467 410 512 eura
438 450 612 532 sejungere
644 452 743 515 debet
774 452 952 533 epistolas,
982 469 1067 532 quas
1095 454 1131 515 in
1158 454 1269 517 lucem

152 545 295 626 prolerre
309 547 463 611 Ciceroni
479 566 546 611 non
561 551 596 611 iu
612 551 725 613 animo
742 554 823 625 erat,
840 568 859 612 a
874 552 994 612 ceteris
1010 552 1169 614 omnihus
1183 553 1270 632 ejus-

153 643 224 705 dem
247 645 420 725 operibus.

187 741 221 802 Si
236 743 407 805 orationes
417 745 597 824 pervolvis,
609 738 805 808 Ciceronem
818 747 1038 827 deprehendis
1051 764 1158 828 graeca
1171 749 1271 811 verba

152 837 343 918 fugientem.
360 841 466 922 Major
481 845 551 905 erat
566 844 600 905 in
616 861 654 906 eo
670 845 768 924 patrii
784 845 951 906 sermonis
967 863 1060 908 amor
1076 849 1108 908 et
1123 864 1270 909 romanae

150 935 272 1016 gloriae,
291 956 394 1018 quam
413 943 505 1002 ut-sc
524 943 715 1004 ostenderet
732 942 865 1004 civibus
885 943 957 1005 suis
976 943 1054 1006 victi
1075 944 1189 1024 populi
1210 944 1273 1005 lin-

149 1036 248 1114 guam
268 1037 417 1098 sermoni
433 1038 569 1101 victoris
589 1041 860 1120 anteponentem.
876 1039 962 1102 Cum
983 1041 1053 1120 ipse
1071 1041 1124 1103 vel
1145 1042 1271 1103 orando

149 1131 199 1193 vel
215 1133 393 1195 scribendo
409 1136 533 1209 verbis,
551 1140 588 1199 ut
603 1137 662 1216 qui
677 1137 836 1212 maxime,
852 1137 1050 1212 abundaret,
1067 1142 1099 1202 et
1114 1138 1272 1200 facundia

147 1230 319 1308 profluens
340 1235 445 1307 esset,
469 1251 537 1296 non
557 1235 607 1296 illi
627 1238 765 1298 externo
787 1232 1023 1316 auxilio'opus
1043 1240 1124 1300 erat.
1148 1237 1271 1299 Gravis

149 1331 216 1390 erat
232 1330 306 1409 ejus
322 1332 519 1407 auctoritas,
536 1351 637 1412 quam
654 1351 728 1396 esse
746 1335 930 1396 maximam
944 1335 1110 1398 sentiebat
1127 1355 1135 1397 :
1152 1353 1270 1415 quare,

146 1427 312 1490 Romanis
337 1429 421 1503 illis,
449 1448 593 1510 quorum
617 1433 754 1511 plurimi
778 1450 876 1495 suam
902 1432 1052 1512 linguam
1081 1437 1272 1496 contemne-

146 1525 237 1600 bant,
251 1545 393 1607 graecam
408 1532 521 1591 autem
534 1530 759 1605 adsiseebant,
774 1531 914 1611 probare
928 1532 1035 1594 voluit
1049 1549 1151 1610 quam
1170 1533 1270 1595 vehe-

146 1627 277 1686 menter
296 1626 426 1688 viribus
446 1644 593 1690 romanae
612 1629 735 1709 linguae
752 1629 945 1692 confideret.
963 1629 1052 1700 Quin
1071 1631 1173 1691 etiam
1189 1648 1270 1708 grae-

146 1741 222 1785 cum
248 1723 346 1786 illum
371 1742 561 1788 sermonem
585 1729 747 1806 tanquam
773 1728 807 1788 in
828 1727 996 1790 certamen
1021 1730 1215 1807 provocavit
1238 1732 1270 1790 et

146 1840 223 1883 curn
238 1841 276 1885 eo
292 1825 333 1886 de
353 1825 561 1887 abundantia
574 1828 606 1888 et
621 1826 806 1891 subtilitate
822 1826 1003 1888 contendit.
1022 1826 1117 1888 Hanc
1135 1827 1269 1888 laudem

145 1921 337 2001 concupivit
352 1925 388 1984 ut
406 1926 543 2002 nepotes
558 1925 708 1986 dicerent
726 1942 733 1984 :
750 1924 909 1986 Cicerone
924 1924 1147 1999 adolescente,
1164 1942 1270 2004 graeca

145 2020 283 2099 quidem
309 2020 424 2101 lingua
449 2022 594 2101 priorem
616 2023 728 2084 locum
751 2022 914 2096 obtinuit,
935 2023 994 2084 sed
1018 2023 1135 2084 eodem
1156 2040 1269 2087 senes-

145 2121 256 2192 cente,
280 2118 426 2198 priorem
450 2120 569 2193 latina3
592 2137 694 2199 quam
714 2120 889 2182 victoriam
914 2138 981 2182 non
1003 2121 1107 2182 armis
1132 2121 1268 2200 quidem

145 2217 203 2278 sed
220 2217 346 2296 ingenii
363 2218 518 2279 acumine
533 2219 722 2298 deportavit
740 2219 796 2281 ille
811 2218 865 2280 bis
881 2235 1003 2298 parens
1019 2219 1146 2298 patriae.

190 2314 269 2376 Ideo
296 2315 332 2376 in
361 2316 569 2378 orationihus
596 2333 701 2396 graeca
735 2317 897 2378 vocabula
929 2317 1061 2378 desunt.
1099 2317 1140 2378 ln
1172 2317 1268 2380 libris

144 2430 222 2475 vero
243 2413 419 2475 rhetoricis
442 2416 475 2475 et
498 2413 739 2493 philosophicis
762 2413 924 2475 nonnulla
947 2414 1176 2493 reperiuntur;
1198 2416 1268 2477 haec

144 2511 199 2573 ille
220 2515 361 2592 usurpat
383 2516 419 2573 ut
439 2515 549 2573 mente
565 2511 795 2590 concipiamus
817 2512 986 2590 quodnam
1003 2529 1147 2592 graecum
1162 2513 1267 2575 latino

145 2610 245 2673 verbo
262 2613 492 2685 convertatur3
508 2610 687 2672 dilucidior
702 2611 835 2672 videtur
849 2610 902 2672 vis
920 2611 1051 2672 romani
1068 2611 1173 2686 verbi,
1191 2630 1268 2673 cum

144 2711 331 2789 explicatur
350 2727 467 2789 graeco.
490 2708 607 2771 Graeca
630 2709 745 2789 lingua
768 2709 946 2772 adhibetur
967 2709 1068 2771 etiam
1092 2710 1133 2771 ad
1157 2713 1267 2773 osten-

144 2809 289 2870 dendam
304 2808 477 2888 scriptoris
492 2808 696 2881 facundiam,
716 2807 775 2886 qui
793 2825 879 2888 saepe
896 2808 1043 2887 plurima
1065 2825 1107 2870 ex
1128 2826 1267 2872 romano

144 2925 299 2970 sermone
314 2906 416 2969 verba
431 2907 609 2987 expromit,
629 2910 667 2968 ut
683 2923 786 2968 unam
808 2906 1002 2968 Graecorum
1022 2924 1139 2970 vocem
1162 2912 1269 2969 trans⁴

144 3006 240 3068 ferat.

182 3104 280 3166 Hanc
301 3105 436 3169 laudem
459 3105 564 3168 multo
585 3105 746 3185 majorem
768 3104 982 3185 dijudicabiS,
1007 3104 1037 3165 si
1059 3107 1267 3184 reputaveris

142 3203 269 3278 animo,
290 3205 415 3282 quanta
434 3220 514 3265 cura
532 3202 678 3265 Romani
698 3203 875 3283 scriptores
896 3204 971 3265 ante
991 3201 1185 3265 Ciceronem
1206 3203 1268 3265 lin·

143 3319 243 3381 guam
258 3319 399 3382 graecam
415 3304 671 3364 assectarentur.
688 3300 811 3363 Contra
827 3301 914 3374 illos,
929 3301 987 3379 qui
1004 3318 1039 3362 sc
1055 3319 1131 3364 vere
1146 3300 1267 3364 Graios

143 3401 208 3462 dici
231 3400 400 3473 volebant,
423 3399 621 3479 repugnavit
640 3399 767 3473 Cicero,
790 3399 877 3461 sicut
899 3399 934 3460 in
956 3399 1098 3460 historia
1118 3398 1211 3474 Cato,
1232 3400 1266 3461 in

142 3500 310 3562 rhetorica
328 3500 470 3579 scriptor
488 3498 677 3561 Rhetoricae
697 3499 739 3559 ad
758 3498 979 3570 Herennium,
1000 3498 1033 3558 in
1054 3497 1268 3578 philosophia

141 3597 315 3660 Rabirius.
334 3599 421 3660 Ante
439 3597 502 3660 hos
521 3615 637 3659 omnes
656 3598 754 3676 longe
775 3596 942 3658 antecellit
960 3599 1074 3657 noster
1096 3615 1103 3656 :
1125 3597 1175 3657 illi
1196 3615 1266 3659 suaa

141 3693 290 3754 audaciae
305 3688 445 3771 'quidem
460 3690 692 3754 testimonium
712 3691 885 3765 dederunt,
902 3690 1017 3770 patriae
1032 3691 1155 3770 linguae
1176 3709 1266 3753 amo-

141 3808 213 3852 rem
229 3787 331 3852 snum
350 3790 581 3864 ostenderunt,
598 3792 640 3862 et,
662 3806 740 3868 erga
758 3788 863 3861 illam,
878 3806 975 3849 suam
995 3788 1265 3852 benevolentiam

141 3888 380 3950 exhibuerunt.
393 3887 459 3950 Sed
472 3887 565 3949 rudis
579 3905 695 3950 eorum
706 3889 738 3949 et
748 3886 941 3948 inconditus
955 3903 1065 3948 sermo
1080 3887 1109 3948 is
1122 3889 1193 3949 erat
1206 3888 1265 3966 qui

140 3987 313 4049 Romanos
339 3988 540 4063 ἐλληνίζοντας
564 3985 764 4047 submovere
787 3987 900 4064 posset
922 4002 941 4045 a
964 3984 1069 4046 latina
1092 3985 1208 4064 lingua
1230 3985 1265 4046 in

140 4103 293 4166 graecam.
311 4084 397 4146 Cum
416 4084 465 4145 illi
490 4085 602 4145 minus
624 4100 782 4163 prospere
807 4084 1062 4157 successissent,
1079 4084 1167 4162 quis,
1185 4101 1265 4145 eun-

141 4187 218 4249 dem
240 4185 390 4246 lahorem
413 4182 618 4262 suscipiens,
643 4182 847 4260 speravisset
862 4199 897 4242 se
920 4198 1076 4261 prospere
1092 4198 1268 4247 successu·
