2828 4808
548 331 708 392 ..21-

64 484 111 530 ex
130 465 261 530 Graecis
275 465 384 528 servis
404 465 552 529 rationes
567 467 600 529 et
620 465 747 529 foenora
762 465 875 547 potius
891 483 993 546 quam
1009 467 1097 547 apud
1112 485 1197 548 grae-

61 582 125 628 cos
152 564 333 645 scriptores
357 564 528 628 doctrinas
557 565 589 628 et
612 563 765 644 linguam
790 562 964 627 edidicerit
986 566 1019 628 et
1043 564 1088 629 sit
1109 582 1198 628 conr·

63 665 229 728 mentata.

107 761 234 824 Caelius
246 760 396 841 quidem,
410 761 469 841 qui
484 762 612 824 cultum
626 762 658 824 et
671 777 799 824 morem
813 778 914 823 suurn
929 761 970 824 ad
986 778 1074 825 nova
1086 779 1197 825 exem-

62 861 123 944 pla
146 860 388 935 conformabat,
406 859 475 923 fere
498 877 669 940 nusquam
691 859 759 922 nisi
782 877 876 922 mera
897 859 1062 924 latinitate
1076 860 1193 924 utitur.

63 959 180 1039 Hujus
196 959 312 1022 decem
327 961 359 1022 et
375 961 504 1039 septem
520 959 669 1039 epistolae
688 959 729 1021 ad
745 957 941 1021 Ciceronem
960 959 1074 1022 missae
1089 967 1195 1023 unum

61 1060 124 1121 aut
136 1057 281 1120 alterum
295 1057 396 1120 inane
413 1056 555 1120 verbum
568 1057 803 1120 tantummodo
817 1073 837 1118 a
852 1056 965 1120 Graiis
981 1060 1195 1136 mutuantur;

60 1172 178 1218 nonne
209 1155 402 1236 conjectura
428 1155 564 1236 assequi
591 1172 778 1236 possumus
801 1155 899 1217 illum
926 1156 1065 1219 nonita
1089 1175 1196 1237 graeca

29 1246 36 1255 ’
60 1255 181 1334 lingua
199 1252 306 1316 fuisse
327 1254 497 1317 eruditum
517 1255 554 1318 ut
577 1254 618 1316 ad
643 1253 688 1332 M.
709 1252 861 1315 Tullium
885 1253 1102 1318 conscribens
1122 1255 1195 1337 plu-

62 1353 170 1415 rimas
197 1352 362 1418 dictiones
391 1369 516 1432 graecas
542 1352 691 1415 inserere
717 1351 852 1433 0066611
875 1352 921 1415 At
946 1351 1062 1416 Cicero
1089 1372 1194 1434 graece

60 1449 267 1530 loquebatur
286 1467 362 1512 cum
384 1451 556 1526 Varrone3
580 1468 658 1513 cum
681 1449 740 1514 illo
761 1468 828 1513 non
851 1451 1046 1514 doctissimo
1069 1453 1191 1528 solum,

63 1549 125 1612 661
142 1550 175 1611 61
190 1548 410 1612 scientiarum
430 1549 590 1629 magistro
606 1551 638 1612 et
653 1549 751 1628 quasi
773 1549 964 1629 paedagogo,
984 1566 1078 1612 come
1094 1552 1193 1630 atque

62 1648 236 1710 urbanum
256 1650 326 1710 erat
345 1647 419 1710 fieri
442 1648 555 1727 ipsum
575 1647 770 1710 Ciceronem
787 1647 943 1727 jocosum
962 1649 1191 1728 paedagogum.

62 1745 216 1808 Pusillas
236 1746 297 1808 has
317 1746 484 1809 litterulas
504 1747 649 1822 attende,
670 1747 796 1826 quibus
815 1746 860 1808 M.
877 1745 1021 1821 Tullius,
1042 1747 1193 1826 possitne

62 1845 172 1908 Varro
188 1843 305 1907 venire
322 1844 363 1906 ad
378 1844 494 1925 epulas
515 1862 575 1906 nec
592 1863 645 1919 ne,
667 1845 812 1924 graviter
827 1843 955 1907 facetus
975 1845 1167 1907 sciscitatur
1184 1865 1191 1907 ε

105 1967 117 2000 ι
145 1945 214 2026 Περί
235 1943 357 2004 δυνατῶν
378 1960 432 2005 1116
448 1943 531 2005 66116
551 1945 625 2005 κατὰ
640 1945 780 2026 Διόδωρον
797 1946 911 2026 κρίνειν.
928 1942 1146 2024 Quapropter,
1162 1945 1192 2006 si

62 2044 229 2104 venturus
246 2058 293 2115 es,
310 2041 393 2103 scito
410 2058 547 2104 necesse
563 2058 637 2104 esse
653 2044 685 2104 te
702 2041 817 2104 venire
835 2060 843 2102 ε
861 2041 1044 2104 sinautem
1059 2060 1126 2104 non
1142 2061 1191 2118 66,

61 2147 118 2203 τῶν
144 2140 286 2202 ἀδυνάτων
310 2140 361 2201 661
385 2142 417 2201 16
438 2139 566 2202 venire.
590 2140 688 2202 Nunc
712 2139 789 2201 vide
817 2141 892 2202 utra
915 2141 947 2202 te
971 2143 1061 2222 κρίσις
1085 2140 1192 2220 magis

61 2239 216 2313 delectet,
233 2236 415 2318 Chrysippi·
429 2255 473 2300 an
494 2237 564 2300 haec
587 2255 689 2318 quam
712 2240 827 2301 noster
845 2239 1012 2302 Diodotus
1029 2257 1097 2302 non
1116 2256 1193 2301 con·

62 2337 241 2416 coquebat.
258 2336 323 2398 Sed
338 2336 378 2398 16
394 2336 449 2398 his
464 2337 565 2399 etiam
586 2336 687 2398 rebus
704 2336 805 2400 otiosi
820 2354 899 2399 cnm
920 2337 1060 2413 erimus,
1079 2337 1192 2416 loque-

62 2453 142 2497 mur
159 2453 166 2494 :
183 2434 247 2495 hoc
263 2433 365 2496 etiam
380 2436 455 2496 κατὰ
467 2437 628 2517 Χρύσιππον
644 2437 758 2497 δυνατὸν
775 2437 882 2498 6611...
904 2459 916 2492 ν

102 2533 131 2595 11
149 2534 231 2596 sunt
249 2533 454 2610 ὲλληνιζόντων
471 2534 621 2595 virorum
637 2533 705 2612 joci
725 2532 816 2608 serii,
835 2551 882 2597 eae
898 2550 1023 2596 severae
1038 2541 1190 2598 veneres

103 2630 203 2702 Quod
218 2630 248 2692 si
265 2630 461 2710 colloquens
477 2648 555 2693 cum
572 2632 610 2694 T.
625 2631 824 2712 PomponlO,
840 2632 898 2711 qui
916 2631 1098 2712 plurimam
1117 2635 1192 2695 aeta·

62 2732 134 2793 tem
148 2727 293 2790 Athenis
308 2728 513 2804 traduxerat,
528 2729 586 2808 qui
600 2729 648 2791 sic
664 2746 768 2809 graece
783 2729 983 2809 loquebatur
995 2733 1032 2792 ut
1051 2731 1191 2793 Athenis

63 2829 166 2890 natus
193 2826 365 2889 videretur
376 2828 400 2902 ²,
428 2827 486 2906 qni
518 2827 663 2907 denique
693 2845 877 2908 cognomen
910 2827 1022 2908 ipsum
1047 2829 1191 2892 Athenis

62 2925 310 3005 deportaverat,
335 2925 523 3004 importatis
544 2926 685 2989 floribus
710 2943 849 2988 romana
871 2926 1072 2990 ereberrime
1097 2945 1191 2991 cons-

60 3022 182 3105 persit,
194 3022 305 3095 Attico
318 3022 364 3086 M.
377 3022 510 3086 Tullius
523 3024 634 3087 atticis
648 3025 855 3088 ornamentis
868 3028 1042 3106 pergratus
1054 3025 1191 3088 futurus

60 3123 146 3197 erat,
162 3121 204 3183 ad
220 3120 372 3201 ejusdem
387 3121 668 3185 consuetudinem
682 3124 957 3188 accommodabat
969 3141 1078 3200 suam,
1093 3124 1194 3205 eique¹

58 3220 273 3285 Athenarum
297 3219 413 3295 filiolo,
442 3220 604 3299 quoniam
631 3222 823 3302 adoptivam
847 3222 920 3303 ejus
942 3221 1092 3304 lingnam
1118 3223 1190 3303 ipse

58 3320 166 3384 etiam
183 3318 377 3395 asciscebat,
395 3320 501 3383 amice
521 3337 648 3382 morem
664 3321 810 3401 gerebat.

56 3516 246 3580 dummodo
260 3533 328 3579 non
342 3517 560 3579 scientiarum
574 3534 758 3597 graecarum
771 3518 801 3580 is
815 3536 935 3599 expers
948 3519 1003 3594 sit,
1015 3519 1189 3600 quotiesve

55 3614 151 3695 apud
165 3614 312 3694 aliquem
327 3614 374 3676 ita
392 3615 551 3677 intimum
567 3633 602 3678 66
618 3615 696 3678 16611
712 3617 748 3678 nt
764 3634 841 3678 cum
857 3635 895 3680 eo
912 3634 988 3679 vere
1003 3617 1188 3681 familiares

54 3715 191 3777 litteras
206 3711 365 3788 conferat,
379 3714 479 3776 toties
493 3731 672 3793 personam
686 3714 779 3778 exuit
795 3732 856 3777 nec
867 3716 939 3795 jam
955 3717 1101 3779 sustinet
1116 3718 1189 3797 ejus

56 3811 122 3892 qui
143 3828 335 3874 sermonem
357 3813 390 3874 et
414 3811 594 3892 scriptores
621 3830 778 3874 romanos
802 3813 927 3876 exteris
950 3815 1133 3894 anteponit,
1157 3817 1189 3878 et

57 3926 138 3972 sese
158 3909 322 3970 nudatum
337 3909 474 3982 indicat,
491 3911 549 3990 qui
569 3910 697 3973 scilicet
716 3911 868 3985 Homeri,
888 3912 1074 3993 Sophoclis,
1091 3913 1189 3975 Euri-

56 4008 153 4091 pidis
164 4007 373 4071 carminibus
384 4009 583 4071 memoriam
596 4011 808 4073 exornaverit
821 4028 929 4087 suam,
944 4014 1044 4093 atque
1056 4012 1189 4092 Thucy·

93 4208 124 4263 1.
145 4206 195 4261 Ad
210 4202 339 4272 homil,
356 4205 409 4275 IX,
426 4205 452 4260 4.
470 4235 503 4246 -
517 4205 544 4262 2.
565 4205 656 4263 Corn.
673 4206 785 4280 Nepos,
801 4207 935 4276 Atticus,
951 4208 1003 4265 IV.
1069 4212 1072 4219 '
