2828 4808
680 300 839 359 ..12-

199 432 241 500 ab
260 431 644 513 11111111111111111111111
665 432 760 508 viris,
782 432 931 498 sednon
953 430 1037 493 satis
1059 429 1211 494 eruditis
1233 430 1330 493 Fieri

199 530 313 592 autem
334 531 444 610 potest
464 532 500 593 ut
520 531 608 594 recte
633 529 712 610 quis
737 529 860 592 sentiat
880 531 914 592 et
934 529 969 590 id
992 527 1082 609 quod
1101 528 1204 592 sentit
1222 528 1329 609 polite

200 627 313 715 eloqui
340 645 409 717 non
435 628 560 709 possit,
589 646 651 692 nec
679 627 899 692 delectatione
927 626 1040 717 aliqua
1066 626 1199 693 allicere
1225 626 1330 690 lecto·

197 727 303 790 rem¹.
329 750 340 783 1
493 736 504 791 J
1040 738 1041 743 ’

218 907 220 913 Α
243 847 255 880 r
280 824 345 892 Est
354 826 528 916 'quoddam
543 843 649 908 genus
666 832 791 910 eorum?
801 825 860 915 qui
878 842 914 888 se
929 823 1148 906 philosophos
1164 823 1330 914 appellari

199 922 670 1016 voluntsquorumrdipuntur
689 942 764 988 esse
786 923 883 986 latini
904 940 984 987 sane
1004 923 1103 986 multi
1123 922 1215 998 libri,
1238 940 1329 1002 quos

200 1036 269 1082 non
285 1022 462 1110 contemno
478 1023 646 1103 equidem,
662 1023 785 1104 quippe
801 1038 886 1102 quos
901 1038 1075 1104 nunquam
1089 1021 1249 1100 legerim;
1266 1023 1329 1084 sed

201 1117 280 1198 quia
300 1120 499 1200 profitentur
520 1121 586 1200 ipsi
604 1120 693 1183 1111...
717 1137 753 1183 se
775 1137 882 1199 neque
904 1119 1060 1181 distincte
1080 1131 1190 1197 neque
1211 1117 1329 1180 distri-

199 1215 279 1280 bute
303 1235 411 1299 neque
434 1219 603 1300 eleganter
619 1235 728 1298 neque
744 1219 858 1281 ornate
875 1217 1033 1293 scribere,
1048 1217 1227 1280 lectionem
1250 1216 1328 1280 sine

201 1313 270 1376 ulla
290 1303 509 1380 delectatione
528 1317 697 1398 neglegoi.
725 1340 736 1373 1

242 1436 254 1469 1
279 1414 395 1493 Catius
408 1415 564 1490 Insuber,
580 1416 779 1496 Epicureus,
795 1415 854 1495 qui
872 1431 978 1495 nuper
995 1415 1046 1476 est
1061 1416 1231 1497 mortuus,
1249 1431 1328 1494 quae

199 1511 256 1575 ille
278 1511 472 1595 Gargettius
494 1514 615 1596 etjam
636 1515 712 1578 ante
734 1513 947 1578 Democritus
970 1503 1093 1593 sticho,
1115 1512 1171 1574 hic
1192 1515 1329 1593 spectra

200 1610 388 1698 nominati.
415 1636 427 1668 ι
1212 1688 1215 1693 Ι

242 1733 253 1766 1
280 1708 503 1791 Epicurusa
521 1728 588 1792 quo
610 1728 728 1774 omnes
750 1709 836 1773 Catii
856 1711 888 1774 et
906 1709 1080 1786 Amafinii,
1100 1709 1180 1772 mali
1204 1709 1328 1773 verbo·

197 1820 273 1865 rum
288 1803 486 1885 interpretes
503 1801 759 1886 proficiscuntur
770 1802 793 1866 ⁴.
813 1827 832 1860 Ἱ1
1055 1817 1058 1827 ·

195 1973 212 1978 ,Ἴ
238 1901 291 1963 Ex
305 1901 359 1964 his
375 1905 510 1983 apparet
522 1903 558 1965 in
573 1902 785 1983 philosophia
800 1919 934 1982 quoque
949 1901 1233 1965 ante-Ciceronem
1248 1918 1328 1964 exs-

195 1998 308 2061 titisse
329 1999 446 2063 Romae
472 2001 664 2081 scriptores
683 2000 743 2080 'qui
764 2017 948 2080 graecorum
970 1997 1261 2080 philosophorum,
1287 1998 1327 2062 in

197 2097 316 2177 primis
338 2098 493 2179 Epicuri,
515 2098 684 2162 doctrinas
707 2099 742 2160 in
762 2098 909 2179 patrium
931 2114 1121 2166 sermonem
1141 2097 1326 2160 transtule-

198 2198 287 2258 runt.
310 2195 425 2259 Primo
447 2197 483 2258 in
504 2198 576 2260 loco
596 2197 632 2259 hi
654 2197 838 2278 reponendi
860 2199 952 2271 sunt,
973 2197 1000 2258 si
1022 2196 1257 2259 tantummodo
1279 2198 1326 2259 ad

197 2296 387 2375 temporum
409 2295 562 2360 ordinem
587 2297 764 2378 respicias,
788 2297 841 2358 sin
865 2297 977 2358 autem
999 2296 1042 2357 ad
1059 2295 1324 2375 jucunditatem,

198 2393 240 2454 ad
259 2392 468 2468 facundiam,
485 2394 527 2455 ad
542 2394 733 2457 orationem·
743 2393 911 2474 propriam
927 2395 960 2456 et
973 2392 1182 2474 perpolitam,
1198 2392 1326 2471 princi·
1370 2471 1375 2476 ι

196 2508 273 2571 pern
288 2491 400 2553 locum
418 2491 547 2555 obtinet
564 2495 596 2554 et
614 2496 691 2555 vere
709 2509 830 2572 parens
848 2493 899 2554 est
915 2492 972 2554 ille
987 2491 1045 2571 qui
1060 2496 1100 2553 de
1118 2495 1323 2566 Republica,

191 2593 238 2651 ,111
257 2593 416 2665 Lepidus,
433 2595 474 2653 de
488 2594 648 2660 Finibus,
665 2595 705 2652 de
720 2592 866 2654 Natura
885 2595 1043 2661 deorum,
1060 2594 1100 2652 de
1120 2591 1322 2660 Senectute,

198 2693 238 2750 dc
252 2690 432 2759 Amicitia,
447 2693 491 2752 de¹
501 2690 631 2765 Officiis
644 2688 722 2751 illos
736 2688 841 2751 libros
855 2707 939 2770 pure
953 2691 985 2750 11
1000 2688 1211 2751 abundanter
1225 2704 1326 2750 cons-

196 2785 313 2866 cripsit
329 2788 360 2849 et
375 2786 459 2849 elate
474 2787 673 2868 composuit.

154 2923 162 2942 .
236 2883 394 2948 Cicerone
416 2885 519 2966 igitur
540 2885 767 2960 adolescente,
790 2884 971 2947 ridiculum
993 2886 1079 2959 1111,
1104 2884 1145 2968 in
1163 2900 1323 2947 sermone

196 2983 404 3063 quotidiano,
423 3002 546 3064 graecas
561 3002 661 3047 voces
679 3002 811 3063 semper
825 3001 988 3065 usurpare
1003 2985 1035 3046 et
1050 3001 1117 3045 non
1132 2981 1199 3043 nisi
1213 2999 1323 3062 graece

196 3082 361 3163 colloqui3
384 3081 551 3144 urbanum
574 3084 686 3145 autern
707 3082 884 3145 videbatur
904 3098 1010 3162 pauca
1031 3097 1138 3162 graeca
1155 3080 1323 3142 vocabula

195 3179 374 3242 inculcare.
398 3181 437 3243 In
460 3181 594 3262 scriptis
616 3198 711 3254 vero,
735 3181 855 3243 comici
876 3183 981 3260 poetae
1003 3179 1179 3260 perpaucis
1201 3179 1323 3258 graecis

197 3277 309 3340 verbis
338 3278 534 3352 utebantur,
564 3282 754 3341 saturarum
781 3279 960 3359 scriptores
987 3277 1154 3358 plurimis.
1182 3275 1248 3348 Qui
1278 3277 1323 3340 de

196 3363 348 3451 historia,
372 3378 412 3439 de
434 3377 610 3454 rhetorica,
635 3379 675 3440 de
700 3377 912 3458 philosophia
930 3375 1131 3451 scribebant,
1155 3373 1323 3438 Catonem

198 3475 229 3535 et
252 3472 431 3536 Rabirium
450 3477 482 3536 et
502 3475 673 3538 auctorem
692 3474 881 3537 Rhetoricae
902 3475 943 3536 ad
963 3471 1173 3536 Herennium
1191 3471 1323 3534 imitari

194 3572 364 3651 poterant,
387 3573 445 3652 qui
472 3573 587 3635 latinis
613 3573 754 3635 vocibus
778 3572 846 3635 iere
873 3572 1010 3635 omnino
1035 3571 1226 3634 utebantur.
1253 3569 1323 3633 Sed

196 3668 267 3731 haec
287 3669 411 3751 scripta
431 3670 565 3751 pietatis
587 3671 762 3752 cujusdam
785 3688 863 3751 erga
883 3671 1026 3750 patriam
1046 3669 1198 3750 linguam
1218 3669 1324 3731 docu-

198 3769 310 3829 menta
335 3771 444 3845 erant,
470 3786 538 3832 non
562 3772 674 3832 autem
696 3769 876 3832 verborum
902 3768 1124 3831 subtilitatem
1152 3769 1185 3831 11
1213 3767 1323 3830 abun-

197 3865 347 3928 dantiam
361 3867 531 3931 tenebant.

233 4099 259 4153 1.
280 4098 510 4166 11111111.
529 4129 562 4142 -
577 4099 604 4156 a.
627 4098 718 4165 1111..
734 4101 774 4166 n,
789 4100 817 4170 e,
833 4101 859 4155 7.
875 4130 909 4142 -
928 4100 954 4157 3.
971 4101 1129 4172 1111,
1145 4101 1210 4169 xv,
1226 4103 1273 4171 11,
1290 4105 1320 4162 1.

196 4184 268 4240 -1,
285 4184 375 4254 nra,
390 4185 456 4255 xv,
471 4185 557 4252 111.
802 4223 804 4227 ⁷

1089 4279 1103 4326 ι
1222 4239 1224 4247 .
