2828 4808
656 338 819 406 -ll-

218 479 257 541 ln
272 478 371 540 tertio
387 477 539 558 ejusdem
555 477 665 558 operis
680 478 766 541 libro
782 477 852 540 haec
867 477 958 541 addit
976 496 983 539 :

219 601 230 633 t
262 576 315 638 Ex
344 576 503 639 omnibus
532 576 742 657 philosophis
770 576 872 639 Stoici
901 575 1048 657 plurima
1076 578 1304 650 notaverunt,

176 675 351 754 Zenoque,
377 691 494 737 eorum
524 674 695 755 princepe,
724 692 791 737 non
819 677 888 737 tam
914 691 1027 737 rerum
1055 675 1212 736 inventor
1240 674 1306 736 fuit

176 790 279 854 quam
297 772 477 835 verborum
500 790 675 835 novorum.
698 771 795 844 Quod
818 773 847 834 si
867 773 903 835 in
923 789 962 834 ea
980 772 1096 853 lingua
1115 789 1218 851 quam
1236 772 1307 852 ple-

176 871 273 949 rique
287 870 480 933 uberiorem
494 872 625 950 putant,
642 888 841 932 concessum
857 872 923 945 est,
940 872 977 932 ut
992 870 1180 932 doctissimi
1196 870 1307 931 horni-

176 985 237 1030 nes
263 967 304 1031 de
331 967 433 1030 rebus
463 985 530 1030 non
559 969 749 1049 pervagatis
776 968 949 1030 inusitatis
975 967 1089 1030 verbis
1116 969 1306 1042 uterentur,

175 1068 301 1145 quanto
320 1065 356 1127 id
376 1066 474 1128 nobis
496 1066 604 1146 magis
624 1067 674 1128 est
696 1065 964 1140 concedendurn,
985 1065 1043 1145 qui
1066 1082 1105 1128 ea
1124 1082 1216 1126 nunc
1237 1065 1307 1145 pri·

177 1180 272 1225 mum
287 1163 452 1225 audemus
468 1162 656 1242 attingeret
669 1162 712 1225 Et
727 1162 887 1243 quoniam
904 1179 991 1242 saepe
1006 1161 1168 1237 diximus,
1182 1164 1216 1225 et
1230 1162 1308 1242 qui-

177 1261 254 1325 dem
280 1277 357 1323 cum
380 1261 493 1340 aliqua
512 1261 648 1339 querela
670 1278 738 1324 11011
757 1259 952 1323 Graecorum
972 1260 1083 1336 modo,
1104 1262 1164 1324 sed
1184 1278 1307 1324 eorum

177 1359 279 1422 etiam
296 1359 354 1438 qui
371 1376 406 1421 se
424 1376 549 1439 graecos
565 1359 673 1438 magis
688 1376 790 1438 quarn
808 1360 941 1422 nostros
958 1358 1075 1422 haberi
1091 1359 1223 1434 volunt,
1241 1376 1307 1421 nos

176 1474 244 1519 non
265 1457 364 1519 modo
384 1473 451 1519 non
473 1456 562 1518 vinci
583 1474 602 1518 a
621 1456 749 1520 Graecis
769 1456 950 1519 verborum
968 1457 1074 1536 copia3
1096 1457 1155 1519 sed
1172 1473 1248 1519 esse
1268 1456 1307 1518 in

176 1570 214 1616 ea
232 1554 334 1617 etiam
351 1553 554 1634 superiores
575 1553 816 1617 elaborandum
831 1555 882 1618 est
898 1556 935 1617 ut
951 1554 1015 1617 hoc
1033 1572 1100 1617 non
1120 1554 1156 1616 in
1176 1555 1320 1639 nostris¹

178 1653 289 1716 solum
312 1652 458 1728 artibus,
479 1653 539 1714 sed
560 1652 662 1715 etiam
683 1652 717 1714 in
738 1652 874 1715 illorum
895 1653 1047 1733 ipsorum
1067 1669 1305 1733 assequamur.

177 1737 378 1831 Quanquam
401 1767 439 1813 ea
461 1750 574 1826 verba,
595 1750 720 1831 quibus
745 1751 901 1814 instituto
922 1752 1076 1815 veterum
1096 1751 1225 1814 utimur
1243 1769 1307 1833 pro
1398 1823 1401 1829 ,

176 1849 302 1924 latinis,
320 1850 357 1911 ut
375 1848 449 1929 ipsa
464 1854 693 1925 philosophia,
714 1853 752 1913 ut
770 1853 958 1922 rhetorico,
975 1853 1168 1923 dialectico,
1184 1867 1309 1927 prom·

175 1951 317 2019 mattea,
338 1950 542 2024 geometria,
564 1953 713 2020 naasion,
730 1965 925 2029 quanquam
944 1948 1048 2011 latine
1068 1965 1108 2011 ea
1126 1936 1193 2010 dici
1212 1951 1309 2029 pote-

176 2048 262 2122 rant,
283 2047 409 2123 tamen,
431 2047 592 2127 quoniam
613 2064 678 2110 usu
698 2049 853 2129 percepta
872 2048 969 2123 sunt,
991 2049 1107 2110 nostra
1125 2048 1305 2111 ducamus.

177 2145 286 2224 Atque
301 2144 373 2207 haee
389 2145 527 2224 quidem
542 2145 582 2208 de
598 2163 711 2209 rerum
727 2145 924 2209 nominibus
934 2143 958 2208 ⁴.
986 2168 998 2203 1
1068 2187 1072 2196 .

214 2242 310 2306 Ηο110
333 2243 449 2324 patriae
475 2243 599 2324 linguae
622 2243 757 2308 laudem
779 2262 857 2307 cum
879 2245 1081 2308 documento
1102 2246 1250 2325 quodam
1273 2248 1308 2309 et

178 2341 331 2422 exemplo
347 2333 383 2402 in
399 2340 603 2404 Tusculanis
617 2333 738 2405 iterat:

176 2439 178 2442 ’
219 2464 230 2496 ι
256 2439 401 2501 Interest
417 2437 546 2519 aliquid
560 2439 649 2502 inter
663 2440 814 2503 laborem
830 2442 862 2503 et
875 2440 1046 2516 dolorem;
1063 2442 1144 2503 sunt
1158 2440 1309 2504 finitima

178 2536 328 2612 omnino,
352 2537 413 2600 sed
432 2539 547 2600 tamen
568 2537 681 2600 differt
698 2537 836 2618 aliquid.
858 2538 968 2601 Labor
992 2541 1043 2601 est
1067 2538 1195 2626 functio
1216 2557 1309 2619 quae-

178 2636 256 2698 dam
284 2635 336 2698 vel
363 2634 468 2697 animi
493 2634 547 2698 vel
574 2636 724 2716 corporis
749 2636 913 2716 gravioris
937 2637 1048 2716 operis
1073 2639 1106 2700 et
1131 2638 1307 2713 muneris;

178 2732 273 2797 dolor
299 2734 412 2797 autem
436 2736 549 2797 motus
573 2751 671 2814 asper
692 2733 728 2796 in
752 2752 905 2815 corpore,
926 2736 1058 2799 alienus
1082 2753 1102 2797 a
1129 2735 1306 2799 sensibus,

179 2832 259 2895 Haec
274 2833 341 2895 duo
356 2830 465 2895 Graeci
479 2831 541 2908 illi,
558 2850 703 2913 quorum
723 2833 891 2913 copiosior
907 2836 958 2897 est
976 2834 1092 2915 lingua
1108 2852 1210 2915 quam
1228 2851 1309 2898 nos-

178 2932 246 3005 tra,
268 2947 335 2992 uno
358 2930 495 2993 nomine
517 2931 696 3011 appellant.
724 2932 840 3011 ltaque
863 2932 1049 2996 industrios
1072 2932 1229 2995 homines
1254 2933 1308 2996 illi

178 3026 351 3090 studiosos
372 3027 425 3089 vel
446 3026 560 3106 potius
583 3028 735 3090 amantes
758 3028 905 3099 doloris²
926 3029 1109 3112 appellant,
1130 3046 1193 3093 nos
1214 3046 1308 3092 com-

178 3123 313 3187 modius
332 3123 530 3187 laboriosos.
547 3124 648 3187 Aliud
665 3127 717 3188 est
735 3125 826 3189 enim
843 3125 1012 3203 laborare,
1028 3125 1121 3189 aliud
1136 3127 1260 3189 dolere.
1276 3127 1308 3190 Ο

179 3223 360 3284 verborum
375 3221 667 3302 11101101111011111111.Ι
681 3223 807 3302 quibus
819 3222 989 3287 abundare
1002 3225 1034 3287 te
1048 3222 1180 3304 semper
1191 3226 1307 3304 putas,

179 3320 325 3384 Graeciat
342 3319 626 3400 Aliuqzinquam,
647 3324 698 3384 est
716 3320 839 3397 dolere,
858 3321 950 3385 aliud
967 3322 1129 3387 laborare.
1148 3323 1234 3385 Cum
1249 3341 1309 3385 va-

177 3419 266 3482 rices
286 3419 486 3483 secabantur
507 3419 544 3481 C.
562 3418 680 3496 Mario,
697 3419 849 3497 dolebat3
865 3423 1046 3496 cum'aestu
1067 3439 1186 3503 magno
1206 3422 1310 3486 duee·

179 3516 236 3580 bat
252 3534 383 3597 agmen,
400 3516 572 3580 laborabat
585 3516 608 3579 ³.
638 3541 649 3574 1
995 3513 998 3517 ’

217 3614 307 3687 Quid
332 3617 445 3678 autem
470 3620 652 3697 συντάγματα
675 3615 734 3678 illa
760 3633 965 3698 componens
991 3618 1058 3681 sibi
1080 3619 1307 3699 proposuerit,

179 3710 294 3776 Cicero
315 3714 388 3794 ipse
410 3715 446 3776 in
467 3715 576 3794 primo
598 3719 638 3779 de
657 3718 804 3779 Natura
824 3721 972 3780 deorum
990 3716 1076 3780 libro
1096 3717 1276 3798 explicavit
1299 3737 1307 3782 ε

221 3836 232 3868 ι
258 3812 343 3875 Cum
359 3812 427 3876 otio
443 3811 682 3893 langueremus
697 3813 775 3876 etis
795 3816 883 3877 esset
899 3815 948 3878 rei
963 3815 1107 3895 publicae
1126 3816 1251 3891 status,
1269 3818 1308 3879 ut

179 3927 254 3973 eam
269 3909 373 3972 unius
389 3910 530 3972 consilio
547 3911 647 3990 atque
662 3927 743 3973 eura
757 3911 936 3992 gubernari
957 3929 1094 3983 necesse
1110 3914 1199 3976 esset
1216 3931 1223 3974 :
1240 3914 1309 3993 pri-

179 4025 274 4070 mum
294 4008 404 4090 ipsius
426 4008 475 4072 rei
496 4009 639 4089 publicae
660 4025 763 4072 causa
783 4009 1032 4091 philosophiam
1053 4011 1178 4074 nostris
1198 4010 1309 4075 homi-

211 4214 238 4270 1.
259 4212 472 4281 DeFin.,111,
492 4213 520 4283 2,
541 4214 569 4270 5.
591 4244 626 4257 -
643 4214 670 4271 2.
691 4214 848 4288 φιλοπόνους.
865 4246 900 4256 -
917 4216 945 4272 3.
965 4218 1066 4287 Tute„
1085 4216 1125 4286 ΙΙ,
1143 4216 1188 4286 15,
1208 4216 1255 4274 35.
