2828 4808
587 306 746 368 -23-

142 443 196 506 Ad
219 443 317 505 illum
334 459 413 505 vero
428 458 531 521 quem
546 459 614 504 non
635 439 883 503 amicissimum
903 441 1003 504 modo
1018 440 1072 523 vel
1092 440 1236 504 familia·
1309 448 1322 477 ⁰

100 541 282 603 tissimum
302 539 455 603 Ciceroni
472 539 610 615 dixeris,
628 540 686 602 sed
703 538 804 601 etiam
820 539 948 618 partem
969 536 1042 618 ejus
1057 538 1233 601 dimidiam

102 641 328 719 congruenter
344 637 577 719 appellaveris,
594 637 729 718 quando
746 637 868 699 affatur
883 636 938 698 hic
958 638 1083 711 noster,
1100 653 1186 700 onus
1201 639 1233 700 et

102 737 294 800 molestiam
319 736 466 816 reponit,
493 753 602 816 neque
632 736 668 797 in
700 734 755 797 his
785 734 937 814 epistolis
963 751 1092 797 morem
1123 735 1234 797 aliena

99 834 205 898 verba
231 834 381 897 evitandi
408 834 547 909 retinet,
572 833 655 913 quin
681 833 781 896 etiam
806 832 906 912 plura
930 831 965 893 in
988 832 1232 911 posterioribus

99 951 204 1014 quam
219 934 255 996 in
269 933 441 1014 prioribus
455 933 640 1013 profundit,
656 932 749 995 velut
764 931 794 994 si
810 949 849 994 eo
868 931 1096 1011 frequentiora
1110 949 1149 994 ea
1164 932 1232 994 sint

99 1049 168 1112 quo
185 1031 395 1113 conjunctior
408 1031 467 1094 fiat
482 1031 638 1094 amicitiae
654 1029 879 1093 necessitudo.
1045 1088 1048 1093 .

140 1131 287 1194 Etiamsi
312 1134 343 1194 et
366 1130 513 1192 litterato
538 1131 570 1192 et
592 1128 859 1191 familiarissimo
880 1129 1014 1190 cuidam
1036 1129 1229 1204 conscribit,

100 1247 169 1294 non
194 1229 268 1292 sine
291 1229 358 1292 ulla
382 1229 636 1292 intermissione
661 1245 780 1290 omnes
805 1227 965 1308 epistolas
988 1227 1105 1307 graecis
1131 1228 1230 1291 dictis

99 1327 273 1390 illuminat
289 1346 297 1389 :
316 1345 355 1389 ea
369 1328 506 1390 demum
522 1329 573 1390 est
584 1326 692 1407 jocosi
708 1324 814 1388 animi
834 1325 984 1401 lascivia,
1001 1326 1031 1387 is
1046 1327 1097 1388 est
1116 1325 1229 1389 festivi

101 1425 271 1488 sermonis
289 1424 393 1505 lepor,
411 1425 528 1503 quales
542 1441 693 1505 persaepe
709 1423 887 1486 exstabant
906 1423 951 1486 M.
968 1423 1071 1486 Tullii
1094 1424 1229 1487 animus
1331 1450 1334 1453 ·

101 1525 135 1585 et
148 1539 271 1584 sermo,
284 1520 349 1594 Qui
362 1523 496 1584 duriore
509 1523 653 1602 quadam
667 1522 802 1585 fortuna
815 1539 892 1584 cum
905 1522 1115 1585 conflictatus
1127 1524 1227 1598 esset,

101 1621 151 1683 sic
168 1620 210 1682 ad
224 1620 376 1683 Atticum
391 1620 544 1699 gemebat
560 1639 568 1680 ε

143 1742 154 1775 ι
183 1718 335 1781 Solitudo
358 1718 485 1798 aliquid
508 1719 654 1798 adjuvat,
680 1719 740 1780 sed
762 1719 868 1780 multo
889 1718 966 1798 plus
989 1717 1174 1798 proficeret,
1198 1719 1227 1781 si
1286 1765 1287 1768 ,
1381 1734 1384 1738 ⁸

96 1819 136 1879 tu
151 1819 264 1879 tamen
277 1817 471 1891 interesses,
483 1834 557 1897 quae
571 1817 654 1878 mihi
668 1834 736 1878 una
749 1834 850 1878 causa
862 1818 913 1880 est
925 1817 1004 1878 hinc
1014 1817 1226 1892 discedendi3

93 1903 296 1996 ⁴quanquam
311 1915 345 1977 id
367 1916 479 1995 ipsum
499 1916 595 1977 doleo
613 1935 620 1976 :
638 1915 813 1978 nonenim
829 1916 901 1996 jam
920 1915 956 1977 in
972 1932 1026 1977 me
1041 1914 1132 1977 idem
1153 1933 1227 1978 esse

94 2015 235 2094 poteris.
252 2016 447 2077 Perierunt
463 2019 526 2076 illc
542 2031 620 2089 quoa
641 2018 796 2084 curabas,
818 2039 829 2069 ι
847 2013 1004 2076 videlicet
1022 2030 1088 2075 non
1104 2013 1227 2093 jamin
1324 2040 1329 2048 ·

94 2113 172 2192 ipso
188 2112 321 2175 inerant
341 2112 456 2174 multae
471 2112 537 2174 illae
556 2112 684 2174 facetiae
700 2113 731 2174 et
750 2115 911 2192 perpetua
929 2109 1082 2174 hilaritas
1101 2112 1227 2190 quibus

95 2209 229 2271 amicus
242 2209 419 2289 gaudebat.
435 2209 544 2280 Quare
558 2210 586 2272 si
601 2209 685 2272 forte
697 2227 831 2272 summa
842 2211 988 2290 quadam
1001 2209 1117 2273 laetitia
1128 2210 1227 2290 gestit

94 2310 131 2369 et
144 2307 302 2382 exsultat,
319 2308 473 2388 protinus
489 2325 625 2387 surgere
640 2325 747 2388 graeca
762 2308 820 2369 illa
834 2309 938 2371 verba
952 2308 1079 2370 videas.

141 2429 153 2460 «
180 2404 207 2466 O
230 2422 352 2467 suares
375 2405 534 2485 epistolas
554 2408 642 2479 tuas,
660 2423 727 2467 uno
744 2407 894 2486 temporo
910 2406 994 2467 mihi
1010 2406 1105 2468 datas
1124 2407 1223 2468 duasl

94 2502 230 2575 Quibus
254 2505 408 2585 εὐαγγέλια
432 2521 506 2582 quae
526 2503 664 2566 reddam
686 2504 839 2566 nescio...
861 2528 872 2560 ι
896 2505 1102 2584 Sequuntur,
1123 2522 1226 2584 quan-

93 2618 199 2680 quam
215 2601 387 2663 broviores
400 2604 480 2663 sunt
499 2596 666 2676 litterulae,
682 2601 838 2682 plurimae
850 2619 949 2665 voces
965 2619 1049 2681 quas
1064 2620 1105 2664 ex
1120 2619 1225 2681 graeco

95 2718 253 2762 sermone
267 2703 401 2780 propter
415 2700 635 2762 festivitatem
651 2718 749 2762 suam
765 2703 949 2763 mutuatur.

138 2797 183 2860 At
199 2798 234 2859 in
250 2797 437 2859 difficillino
453 2816 566 2860 rerum
582 2799 671 2860 statu
687 2801 718 2860 θῖ
734 2798 770 2860 in
784 2800 933 2860 extremo
949 2799 1094 2878 quodam
1110 2799 1236 2864 disum-2

96 2896 201 2968 mine,
223 2912 335 2957 rerum
358 2896 554 2976 asperitates
575 2896 748 2975 expellunt
765 2896 861 2975 Jocos
883 2898 915 2958 et
937 2896 1139 2972 reuertamur
1158 2915 1226 2959 una
1348 2963 1350 2966 ,

95 2994 201 3058 simul
221 3011 367 3074 graecum
386 3011 578 3057 sermonem
598 2994 726 3075 fugant.
748 2994 933 3057 Permultis
953 2995 1070 3076 graecis
1086 2996 1226 3059 vocibus

95 3095 304 3155 exornantur
321 3092 469 3171 epistolae
491 3091 601 3172 quinti
624 3092 746 3155 decimi
767 3092 846 3155 libri
867 3092 909 3155 ab
929 3093 970 3156 U.
988 3092 1024 3156 C.
1042 3094 1102 3158 704
1116 3095 1148 3156 θῖ
1166 3094 1226 3158 709

94 3192 139 3254 ad
154 3190 310 3253 Cassium
325 3190 456 3266 missae3
472 3209 513 3254 ne
530 3208 597 3252 una
614 3191 753 3271 quidem
768 3191 960 3254 duodecimi
975 3192 1054 3255 libri
1069 3192 1110 3254 ab
1127 3191 1168 3254 U.
1186 3191 1223 3254 G.

93 3291 157 3355 710
172 3291 205 3352 θῖ
223 3290 281 3353 711
297 3289 338 3351 ad
358 3290 502 3351 eundem
526 3289 658 3369 scriptae
677 3289 809 3352 litterae.
831 3276 969 3352 Etenim
989 3307 1078 3365 cum,
1094 3289 1225 3354 Gaesare

93 3387 272 3452 interfecto
296 3389 328 3450 et
352 3388 484 3450 sublato
506 3405 595 3468 rege,
619 3405 761 3467 regnum
786 3390 987 3469 superesset,
1011 3405 1066 3451 res
1091 3388 1226 3468 publica

92 3485 364 3569 perturbabatur,
390 3488 423 3548 θῖ
446 3486 490 3548 M.
516 3487 665 3549 Antonio
692 3486 796 3549 nimis
823 3489 958 3567 potente
988 3486 1074 3549 facto
1100 3487 1224 3550 iterum

92 3585 269 3648 liberanda
284 3586 354 3646 erat
368 3584 487 3647 civitas
505 3603 512 3645 ε
530 3585 687 3647 servandi
709 3587 804 3648 erant
819 3585 845 3646 ii
865 3586 923 3664 qui
944 3584 1035 3647 cives
1056 3602 1137 3647 suos
1157 3603 1235 3648 serr

94 3685 273 3748 vaverantt
290 3684 360 3746 Nec
375 3683 504 3745 ratione
518 3684 584 3746 alia
600 3701 677 3745 cum
690 3701 732 3746 ex
746 3684 895 3746 sedecim
909 3683 1006 3746 libris
1019 3684 1061 3746 ad
1073 3685 1224 3746 Atticum

95 3783 198 3847 ceteri
214 3799 331 3844 omnes
350 3781 468 3862 graecis
487 3782 717 3844 locutionibus
737 3783 819 3844 adeo
839 3782 1059 3844 referciantur
1074 3784 1111 3845 ut
1132 3781 1225 3844 nulla
1261 3794 1263 3798 ‘

96 3883 166 3946 fere
191 3880 332 3962 epistola
360 3898 427 3942 non
454 3880 561 3943 stellis
587 3880 656 3943 illis
684 3880 883 3956 illustretur,
909 3898 998 3943 unus
1024 3881 1111 3943 liber
1132 3883 1224 3944 totus

97 3979 191 4043 omni
210 3995 316 4058 graeco
332 3979 528 4040 ornamento
545 3980 645 4053 caret,
662 3981 705 4054 et,
724 3980 761 4041 ut
781 3978 828 4040 ita
847 3979 968 4054 dicam,
985 3980 1142 4053 nudatur,
1159 3981 1223 4042 ter-

97 4080 167 4142 tius
178 4077 316 4140 scilicet.
329 4077 363 4138 Is
377 4094 418 4139 ex
429 4076 588 4139 litterulis
601 4079 731 4139 constat
743 4094 827 4157 quas
837 4077 890 4138 vir
903 4078 1090 4140 consularis
1103 4078 1222 4140 exsilio

98 4177 281 4241 mulctatus
300 4175 393 4238 misit
412 4193 490 4239 cum
509 4194 576 4240 non
596 4176 714 4240 Romae
734 4177 832 4240 modo
852 4176 1001 4253 delicias,
1021 4194 1128 4257 neque
1150 4194 1222 4241 rem
