2828 4808
623 325 782 388 ..6¹7..

184 464 374 546 Σωφροσύνη,
394 459 656 539 temperantia«
676 457 761 520 Eam
781 459 941 522 virtutem
964 461 1139 542 σωφροσύνην
1159 455 1268 520 Graeci

141 561 276 634 vocant,
293 576 395 638 quam
412 557 503 620 soleo
526 557 684 636 equidem
699 559 772 620 tum
788 557 1045 636 temperantiam
1064 560 1135 618 lum
1156 556 1269 618 mode·

141 658 309 720 rationem
325 656 496 736 appellari.
514 671 759 734 nonnunquam
775 654 877 716 etiam
890 653 1122 716 modestiam1.
1143 676 1155 709 »

181 744 296 817 Nimis
316 755 423 817 multa
443 754 548 816 latina
567 752 782 815 transferenti
803 751 955 815 Ciceroni
978 753 1206 813 concurrunt:
1228 748 1270 826 εἷς

141 855 205 933 ἐμοὶ
223 857 327 936 μύριοι,
344 854 442 915 modo
463 852 507 914 sit
527 848 569 926 εἷς
589 853 711 914 rectus.
734 851 810 914 Non
832 850 877 912 M.
894 850 1028 911 Tullius
1047 850 1197 930 linguam
1215 867 1270 930 pa-

142 953 242 1015 triam
259 955 369 1032 auget,
387 952 446 1014 sed
461 968 558 1012 suam
574 949 700 1030 copiosi
717 949 859 1012 oratoris
874 949 1011 1010 tamam.
1112 1020 1114 1024 ,

183 1048 465 1128 Quandoquidem
481 1050 635 1110 nostrum
648 1046 760 1110 deficit
774 1063 844 1108 una
859 1046 960 1108 dictio
974 1046 1079 1108 latina
1091 1063 1166 1125 quae
1179 1046 1270 1108 idem

141 1147 253 1211 valeat
269 1150 369 1226 atque
385 1146 585 1226 alienigena,
600 1145 711 1225 ampla
723 1139 903 1207 verborum
916 1144 1114 1207 circuitione
1130 1161 1270 1206 sensum
1319 1193 1320 1197 .

143 1247 190 1308 ita
210 1244 424 1331 amplectitur
437 1246 475 1306 ut
494 1244 598 1305 lector
611 1241 749 1321 quidem
772 1241 975 1305 sententiam
995 1241 1186 1322 perspiciat,
1203 1259 1268 1315 non
1295 1271 1301 1283 ·

143 1346 258 1405 autem
273 1345 311 1405 ut
326 1342 360 1404 in
377 1344 577 1422 perpetuum
593 1340 701 1421 patria
715 1341 831 1421 lingua
845 1341 993 1403 ornetur.
1131 1349 1133 1354 ’

191 1440 313 1503 'Heraea
338 1464 349 1496 ν
374 1439 525 1510 Quorum
547 1439 690 1500 alterum
711 1439 870 1516 estquod
890 1437 998 1500 Graeci
1020 1439 1116 1516 ἠθίκὸν
1138 1439 1269 1511 vocant,

144 1540 186 1602 ad
210 1541 367 1601 naturam
388 1541 420 1600 et
441 1537 482 1598 ad
504 1554 615 1600 mores
631 1538 663 1598 et
683 1537 724 1598 ad
744 1553 878 1599 omnem
894 1536 972 1599 vitae
991 1536 1272 1598 consuetudinem

144 1637 455 1710 accommodatum;
482 1635 626 1698 alterum
654 1634 744 1712 quod
771 1634 874 1696 iidem
901 1637 1055 1712 παθητικὸν
1082 1635 1270 1707 nominant,

145 1753 212 1816 quo
228 1735 469 1815 perturbantur
484 1733 590 1795 animi
606 1734 637 1794 et
653 1733 897 1794 concitanturt.
920 1756 931 1788 ν

185 1835 304 1895 letari.
324 1855 336 1887 ι
355 1831 528 1893 Bonorum
544 1830 647 1892 alia...
665 1830 707 1891 ad
720 1829 804 1891 illud
820 1829 979 1892 ultimum
994 1830 1207 1909 pertinentia,
1224 1830 1273 1891 sie

147 1931 240 1994 enim
257 1930 386 2010 appello
403 1947 478 2008 quae
493 1931 594 1991 retract
608 1928 798 1990 dicunturt.
818 1951 829 1984 ν

192 2027 347 2091 ’nealcae
362 2051 373 2083 ν
391 2028 530 2106 Semper
542 2027 624 2100 haec,
639 2044 713 2105 quae
727 2025 836 2088 Graeci
853 2028 983 2089 ἀντίθετα
995 2026 1182 2101 nominant.
1196 2045 1271 2089 eum

146 2126 325 2189 contrariis
341 2127 556 2205 opponuntur
571 2124 750 2198 contraria,
767 2141 949 2187 numerum
965 2125 1148 2187 oratorium
1163 2142 1276 2188 neces·

147 2226 246 2303 sitate
263 2224 336 2304 ipsa
351 2223 518 2296 efficiunt,⁴
530 2223 632 2284 etiam
647 2223 721 2284 sine
737 2219 938 2286 industria⁴.
959 2247 971 2280 ν

188 2326 356 2401 Ενθύμημσ.
379 2344 391 2376 ‹
412 2321 464 2382 Ex
486 2321 549 2382 hoc
568 2320 626 2381 illa
646 2321 820 2382 rhetorum
841 2322 922 2383 sunt
941 2339 982 2383 ex
1002 2321 1180 2384 contrariis
1200 2339 1277 2383 con·

148 2422 254 2494 clusa,
272 2437 346 2498 quae
363 2420 427 2499 ipsi
443 2421 626 2498 tvtoptpara
641 2419 819 2498 appellant.
838 2442 849 2474 ν
866 2451 907 2465 -
924 2443 934 2474 a
955 2419 1017 2481 llla
1033 2437 1074 2481 ex
1089 2436 1276 2500 repugnan-

148 2519 241 2582 tibus
255 2517 434 2579 sententiis
448 2515 639 2580 communis
652 2517 861 2579 conclusio...
877 2534 951 2597 quae
964 2535 983 2580 a
995 2518 1186 2580 rhetoribus
1201 2519 1277 2580 ἐνθύ-

150 2640 234 2696 μημα
250 2615 498 2694 nuncupaturi.
520 2641 530 2672 ν

189 2713 323 2783 Εὐσσξίσι.
341 2737 352 2770 «
373 2714 435 2775 illa
450 2717 501 2777 est
515 2713 637 2792 εὐταξία,
652 2713 688 2775 in
702 2730 769 2793 qua
783 2713 983 2794 intelligitur
999 2714 1128 2776 ordinis
1144 2729 1277 2775 conser-

149 2812 307 2875 vatiot.»

189 2911 331 2973 Nullum
356 2910 423 2973 fere
448 2910 597 2972 fructum
619 2927 659 2972 ex
685 2909 753 2971 illis
782 2910 991 2972 locutionum
1019 2909 1277 2972 circuitionibus

149 3009 347 3088 decerpebat
369 3025 529 3070 romanus
553 3025 677 3083 sermo,
698 3009 867 3087 siquidem
887 3006 925 3070 e'a
944 3010 1085 3070 vocatur
1099 3007 1196 3087 inops
1216 3009 1279 3069 lin-

149 3123 215 3187 gua
225 3123 299 3185 quae
313 3123 590 3185 unumquemque
602 3123 673 3167 rem
686 3106 740 3167 vel
754 3105 861 3167 animi
874 3106 1076 3168 sententiam
1090 3109 1122 3167 et
1135 3107 1276 3180 motum,

150 3220 219 3265 uno
235 3203 371 3266 nomine
387 3204 563 3283 designare
577 3204 704 3282 nequit.

190 3302 313 3363 Insunt
327 3301 429 3364 etiam
444 3301 479 3362 in
498 3300 656 3381 operibus
672 3302 712 3362 de
732 3301 946 3381 philosophia
961 3317 998 3361 ao
1017 3299 1182 3362 rhetorica
1196 3301 1280 3361 trac·
1356 3337 1358 3340 .

150 3399 303 3462 tentibus
317 3401 350 3462 et
364 3399 399 3461 in
415 3399 567 3480 epistolis
584 3399 710 3478 aliquot
727 3399 903 3461 barbarica
917 3398 1079 3461 vocabula
1095 3414 1169 3476 quae
1186 3398 1278 3459 nullo

151 3497 252 3559 modo
277 3497 456 3558 immutata
476 3514 518 3559 ex
538 3497 638 3558 attico
662 3496 734 3558 solo
756 3497 792 3558 in
813 3497 962 3558 italicam
985 3498 1110 3557 terram
1128 3497 1280 3574 transpo-

152 3595 222 3656 suit
242 3593 286 3656 M.
303 3594 448 3670 Tullius,
475 3597 653 3674 postquam
679 3612 717 3656 ea
741 3594 929 3656 litterarum
957 3592 1138 3654 latinarum
1162 3593 1279 3655 habitu

151 3693 275 3767 induit,
299 3693 328 3754 si
350 3693 449 3754 modo
474 3693 637 3754 librorum
663 3691 970 3772 manuscriptorum
985 3691 1108 3752 litteris
1123 3690 1224 3752 fidem
1239 3691 1280 3752 de

152 3792 215 3853 hac
231 3791 398 3871 scriptura
413 3791 624 3853 adhibemus.
990 3793 993 3798 ’

194 3889 393 3970 Epicopum.
411 3912 422 3945 ν
440 3889 566 3960 Quinto
582 3906 660 3951 non.
678 3888 909 3952 conscendens
926 3888 967 3950 ah
982 3887 1090 3950 hortis
1105 3885 1281 3949 Cluuianis

190 4107 216 4162 1.
241 4107 344 4172 Tusa,
358 4107 413 4172 III,
426 4108 453 4173 8,
470 4106 514 4162 16.
526 4105 593 4162 -2,
612 4109 707 4174 Orat,
724 4107 769 4173 37,
786 4106 847 4161 128.
860 4136 894 4144 -
908 4106 934 4162 3.
953 4108 995 4160 De
1009 4105 1093 4170 Fica,
1110 4104 1165 4171 ΙΙΙ,
1176 4104 1221 4172 16,
1235 4105 1279 4160 55.

156 4223 191 4233 -
201 4192 227 4247 1.
246 4193 307 4258 on,
320 4191 366 4258 50,
380 4192 443 4248 166.
457 4222 492 4231 —
506 4194 532 4249 5.
551 4193 634 4261 Tap,
648 4191 692 4261 13,
709 4192 759 4256 55;
776 4191 821 4256 11,
836 4192 880 4246 56.
891 4223 925 4229 -
939 4191 966 4246 6.
984 4193 1025 4245 De
1038 4192 1107 4258 Off„
1123 4189 1147 4254 Ι,
1160 4189 1206 4257 10,
1217 4189 1281 4248 112.
