2828 4808
514 986 733 1061 QUARTUM
755 987 912 1052 CAPUT.

177 1271 229 1316 00
251 1267 426 1324 cressonis.
449 1267 553 1312 rnrnn
573 1266 685 1312 00001
706 1236 788 1312 mnu
810 1265 1066 1326 mummolum,
1089 1262 1247 1327 000000,

345 1343 348 1350 ’
409 1428 412 1432 ,
490 1364 559 1410 non
581 1363 743 1424 0000000,
766 1364 942 1412 strennas.
1001 1375 1002 1379 ¹

195 1725 294 1788 Illam
313 1723 586 1804 disputationem,
604 1724 644 1787 de
664 1724 925 1804 proprietatibus
944 1725 1077 1787 tulliani
1095 1724 1194 1805 graeci·
1212 1742 1279 1791 seu·

147 1825 286 1900 monis,
302 1824 337 1884 in
352 1823 454 1884 breve
469 1821 658 1901 coegimuS‚
673 1823 834 1902 quoniam
849 1841 891 1886 ex
904 1823 963 1884 illa
978 1824 1019 1885 de
1037 1822 1173 1903 ingenio
1189 1821 1280 1885 Cice·

148 1922 249 1984 ronis
265 1920 350 1983 nihil
366 1920 565 1982 concludere
577 1919 701 2000 000010,
713 1922 803 1999 quod
818 1921 924 1983 multo
938 1920 1075 2000 planius
1086 1923 1118 1984 et
1130 1921 1279 1983 vividius

150 2038 224 2082 non
241 2019 420 2098 adspicias.
432 2018 462 2080 si
480 2018 592 2080 latinae
607 2019 730 2099 linguae
744 2037 845 2081 usum
861 2020 1043 2082 tullianum
1054 2018 1280 2098 exploraveris

151 2121 190 2180 et
209 2119 321 2179 mente
342 2117 634 2196 circumspexeris.
656 2117 754 2179 Nunc
771 2120 885 2181 autem
902 2118 995 2179 alind
1011 2118 1192 2198 quodpiam
1212 2135 1282 2179 ma·

148 2217 212 2298 jus
234 2217 305 2295 jam
333 2215 431 2277 nobis
453 2215 676 2288 destinatum,
704 2216 911 2294 quibusnam
936 2215 1064 2278 scilicet
1093 2215 1280 2278 rationibus

153 2316 280 2378 duetus
295 2314 365 2375 baec
380 2315 438 2375 aut
453 2313 510 2375 illa
527 2330 633 2392 graeca
648 2313 684 2374 in
700 2314 839 2376 domum
858 2332 955 2376 suam
975 2314 1137 2394 receperit
1154 2315 1280 2388 noster,

153 2414 258 2492 quem
281 2410 429 2472 fructum
449 2413 618 2490 00010000,
643 2411 716 2474 0100
736 2413 776 2474 ad
798 2414 982 2475 ornandam
1002 2411 1200 2487 orationem,
1221 2428 1280 2472 000

155 2511 200 2573 ad
218 2509 494 2571 confirmandam.
515 2508 601 2570 Cum
622 2509 727 2572 latino
748 2527 903 2573 sermone
923 2512 1093 2574 certamen
1112 2510 1153 2571 de
1172 2509 1283 2572 brevi-

153 2611 236 2683 tate,
251 2607 450 2681 subtilitate,
464 2606 595 2679 robore,
613 2608 700 2687 joco.
717 2608 827 2671 colore
842 2625 970 2689 graecus
984 2608 1144 2670 instituit.
1161 2607 1281 2669 Nonne

156 2725 200 2769 ex
219 2706 277 2768 illo
296 2722 474 2780 00000000,
498 2723 539 2767 ex
557 2705 616 2766 illa
635 2707 849 2770 contentione
870 2708 902 2769 et
921 2706 1097 2785 collatione
1118 2705 1283 2785 quodam-

157 2806 257 2868 modo
282 2803 453 2883 apparebit
477 2821 537 2865 cur
560 2806 593 2866 et
616 2805 783 2883 quomodo
809 2822 851 2866 ex
876 2805 1008 2867 duabus
1031 2805 1085 2866 bis
1112 2804 1282 2884 germanis

156 2903 284 2983 linguis
303 2902 373 2963 baec
390 2902 431 2964 ab
452 2901 510 2963 illa
530 2902 697 2965 discordet
717 2906 749 2964 et
769 2903 949 2982 aliquando
971 2902 1159 2977 abhorreat,
1179 2918 1283 2981 qnan-

157 3004 228 3064 tam
243 3017 322 3063 vero
337 3001 515 3080 pecuniam
531 3001 634 3062 altera
650 3001 834 3080 sumpserit
849 3019 891 3062 ex
906 3001 1035 3063 0110001

198 3099 248 3160 De
273 3098 398 3177 quibus
425 3098 583 3160 omnibus
612 3101 792 3177 antequam
822 3099 1067 3178 disceptamus,
1093 3098 1284 3178 complures

159 3196 297 3258 notandi
313 3197 346 3257 et
359 3195 457 3275 longe
473 3213 492 3257 a
507 3195 676 3275 proposito
693 3197 875 3276 repellendi
890 3197 1048 3259 videntur
1062 3196 1144 3269 loci,
1161 3196 1196 3256 in
1212 3196 1285 3274 qni-

160 3294 225 3356 bus
240 3293 285 3355 M.
300 3293 433 3354 Tullius
448 3311 571 3373 graecas
584 3311 683 3355 00000
695 3293 831 3372 jocandi
845 3311 947 3355 causa
959 3293 1166 3373 praeoptavit,
1181 3309 1286 3371 quan-

161 3409 263 3471 quam
285 3392 544 3471 suppeditabant
562 3392 690 3471 patriae,
714 3394 814 3454 01000
835 3409 1044 3464 communes,
1069 3409 1213 3470 quarum
1232 3391 1286 3452 vis

163 3493 194 3552 et
216 3507 338 3553 sensus
358 3490 474 3570 graecis
497 3490 684 3570 persimilia
706 3491 925 3552 exsistebant.
949 3489 1054 3569 Cujus
1076 3490 1189 3551 inanis
1209 3506 1287 3551 con·

163 3587 355 3650 suetudinis
377 3587 577 3667 multiplicia
592 3591 691 3650 erunt
711 3588 876 3668 exempla.
896 3605 937 3649 ne
957 3589 1035 3667 quis
1055 3605 1188 3667 semper
1204 3586 1288 3667 opti-

163 3673 257 3747 mum
281 3686 335 3747 001
357 3686 588 3747 necessarium
608 3687 660 3748 vel
683 3685 895 3748 fructuosum
918 3685 1024 3747 101000
1047 3687 1135 3765 apud
1157 3684 1287 3747 Cicero-

164 3801 240 3845 nem
255 3770 358 3845 usum
373 3783 495 3845 barum
511 3784 733 3846 extrariarum
751 3784 939 3846 dictionum
954 3782 1040 3845 10100
1055 3783 1221 3863 opinetur.

209 3881 424 3965 Ἀποτρίόομαι,
451 3882 652 3962 abstergere,
680 3883 840 3944 translate
868 3882 998 3944 auferre
1023 3901 1031 3942 ε
1060 3905 1071 3937 ι
1098 3881 1288 3961 Aliquando

167 3980 315 4064 ἀπότριψαι
330 3982 529 4059 quartanam
541 3981 642 4042 istam
654 3980 837 4060 diligentia,
850 3997 924 4058 quae
938 3980 973 4041 in
985 3981 1017 4043 te
1031 3996 1165 4042 summa
1178 3981 1258 4042 est¹.
1276 4003 1287 4036 »
1367 3997 1371 4005 ¹

202 4194 228 4250 l.
248 4196 299 4250 Aa
312 4195 385 4261 Ala,
404 4193 475 4259 vll,
494 4195 522 4259 5,
542 4194 569 4249 5.
