2828 4808
623 349 833 411 ..65-,

139 503 250 565 neque
268 485 304 547 in
320 484 419 547 honis
440 485 618 545 numerata
638 483 693 557 sit,
718 499 826 560 neque
842 494 961 543 rursus
983 481 1017 543 in
1038 482 1148 557 malis,
1163 470 1268 562 quan-

138 586 360 664 tumcumque
376 601 414 646 eo
430 581 612 656 addideris,
628 581 664 642 in
683 598 745 642 suo
761 597 881 660 genere
897 579 1080 642 manehit¹.
1105 604 1116 636 ν

185 679 380 762 Ἡγεμεναὲν,
396 679 617 760 principatus,
634 703 647 735 ‹
665 678 704 739 Iu
721 678 881 740 arborum
901 680 1014 740 autem
1034 680 1066 740 et
1084 694 1200 741 earum
1219 697 1269 743 re·

140 798 234 854 rum,
258 797 332 858 quae
358 779 542 859 gignuntur
563 795 581 840 e
603 780 707 851 terra,
733 775 905 838 radicibus
926 775 1039 839 inesse
1061 777 1268 858 principatus

139 880 289 958 putatur.
313 876 543 957 Principatum
569 879 682 938 autem
711 875 746 937 id
769 875 842 936 dico
862 875 951 953 quod
973 874 1082 938 Graeci
1103 879 1268 958 ἡγεμαναέν

141 978 274 1050 vocant,
289 993 355 1056 quo
370 976 457 1037 nihil
472 975 506 1037 in
520 992 653 1055 quoque
670 990 790 1054 genere
806 989 866 1034 nec
882 974 990 1052 potest
1005 991 1066 1036 nee
1081 974 1179 1038 dehet
1194 993 1268 1039 esse

142 1075 360 1154 praestantius
372 1075 395 1136 2.
424 1099 435 1130 ν

187 1172 326 1255 Ἀπειρία,
354 1172 512 1235 infinitio.
532 1170 714 1234 «infinitio
739 1171 827 1250 ipsa,
854 1188 955 1251 quam
983 1172 1108 1256 ἀπειρίαν
1131 1176 1266 1247 uocant,

142 1274 212 1334 tota
232 1271 274 1332 ab
294 1271 352 1333 illo
373 1270 593 1349 (Democrito)
614 1270 699 1332 esti.
728 1291 739 1325 ν

183 1373 332 1450 Δόγματα,
355 1369 498 1443 decreta,
515 1393 526 1425 ‹
546 1367 727 1448 Sapientiae
741 1385 822 1431 vero
842 1368 922 1446 quid
937 1368 1090 1430 futurum
1105 1370 1170 1431 esti
1188 1367 1269 1441 Quae

142 1484 254 1546 neque
270 1468 310 1529 de
325 1483 362 1528 se
377 1467 452 1547 ipsa
466 1465 613 1528 dubitari
629 1465 739 1537 dehet,
756 1482 865 1545 neque
880 1465 920 1528 de
940 1467 1013 1528 suis
1033 1466 1175 1529 decretis
1194 1484 1269 1547 quae

141 1563 335 1644 philosophi
348 1565 468 1626 vocant
482 1551 622 1644 δόγματα,
637 1580 781 1642 quorum
797 1564 930 1625 nullum
945 1564 1018 1626 sine
1034 1563 1159 1627 scelere
1173 1565 1278 1644 prodi.

141 1658 332 1743 poterith»

183 1764 326 1837 Καθῆααν,
349 1758 509 1822 officium.
528 1782 539 1814 ‹
559 1758 656 1829 Quod
671 1759 712 1821 de
732 1759 953 1839 inscriptione
972 1759 1108 1838 quaeris,
1125 1778 1192 1824 non
1211 1762 1271 1824 du·

142 1857 213 1920 hito
228 1857 312 1936 quin
327 1861 451 1934 καθῆκαν
468 1856 617 1918 officium
633 1856 689 1930 sit,
707 1857 774 1918 nisi
790 1857 871 1935 quid
887 1859 923 1918 tu
941 1856 1063 1918 aliud⁵.
1085 1880 1097 1913 »

186 1953 339 2034 Ἰσαναμία,
362 1954 594 2034 aequilihritas.
614 1977 625 2010 ν
643 1954 739 2016 Hanc
763 1955 905 2034 ἰσονομίαν
928 1955 1070 2035 appellat
1089 1955 1268 2036 Epicurus,

142 2053 177 2115 id
193 2056 245 2115 est
261 2053 424 2132 aequalem
444 2052 678 2114 tributionem.
700 2077 711 2109 ν
729 2088 767 2096 -
787 2076 798 2109 α
819 2052 981 2133 Coniugis
997 2053 1038 2114 ad
1054 2054 1271 2134 aequilibrita-

144 2153 229 2226 tem:
252 2151 301 2212 sic
314 2150 405 2213 enim
421 2153 574 2230 resorptus,
592 2151 620 2212 si
635 2151 753 2230 placet,
770 2150 1008 2231 appellemusss.
1030 2175 1041 2207 ν
1161 2200 1163 2203 .
1255 2176 1257 2178 v

184 2253 326 2329 hippona
341 2251 373 2312 ct
387 2251 482 2327 adhc,
498 2248 605 2311 ineisa
619 2250 651 2311 et
666 2249 828 2311 membra.
843 2273 855 2305 ‹
874 2249 961 2311 Nam
975 2267 1051 2311 cum
1067 2250 1115 2311 sis
1129 2250 1173 2312 iis
1187 2252 1271 2314 locis

142 2365 239 2420 usus,
261 2346 387 2426 quihus
411 2346 544 2408 ostendi
565 2347 678 2422 licere,
700 2346 934 2409 transferenda
955 2349 1024 2409 tota
1039 2347 1140 2410 dictio
1155 2352 1206 2411 cst
1230 2351 1271 2411 ad

142 2445 201 2506 illa
223 2462 299 2523 quae
319 2444 432 2506 nescio
453 2462 523 2518 cur,
545 2462 623 2506 curn
643 2444 752 2507 Graeci
772 2449 908 2524 κόμματα
927 2447 959 2507 et
978 2447 1063 2508 κῶλα
1083 2447 1269 2523 nominent,

144 2559 206 2605 nos
223 2560 289 2604 non
306 2546 393 2605 recte
409 2541 518 2604 incisa
533 2545 567 2605 et
583 2542 735 2604 membra
750 2542 934 2605 dicamus⁷.
955 2566 967 2599 »

127 2694 130 2699 .
183 2643 366 2723 Πρέαληψις,
389 2641 618 2721 assumptio«
636 2639 701 2703 Sed
722 2641 842 2703 demus
863 2641 925 2703 tihi
946 2642 1030 2704 istas
1052 2643 1136 2705 duas
1159 2661 1272 2724 sump-

143 2738 266 2812 tiones,
289 2755 328 2801 ea
346 2756 421 2817 quae
440 2741 583 2818 λήμματα
605 2739 773 2818 appellant
794 2739 979 2814 dialectici;
1001 2741 1059 2802 sed
1084 2759 1144 2802 nos
1168 2741 1271 2804 latine

143 2835 236 2915 loqui
261 2836 430 2898 malumus
457 2855 464 2897 :
490 2836 679 2916 assumptio
704 2839 835 2910 tamen,
862 2854 965 2915 quam
987 2841 1144 2920 πρασληψιν
1168 2839 1271 2901 iidem

144 2936 277 3007 vocant,
293 2951 361 2996 non
376 2934 541 3022 debitum.
569 2959 579 2990 ν

184 3018 311 3111 ῥυθμός,
336 3049 509 3094 numerus.
529 3056 540 3088 ι
561 3032 732 3112 Quidquid
753 3036 803 3095 est
826 3034 915 3096 enim
939 3035 1028 3113 quod
1052 3035 1115 3097 suh
1132 3035 1272 3110 ,aurium

145 3147 340 3191 mensuram
363 3130 509 3209 aliquam
532 3132 635 3205 cadit,
660 3132 761 3193 etiam
785 3132 813 3192 si
840 3131 934 3194 abest
958 3151 977 3194 a
999 3150 1099 3194 versu
1123 3133 1214 3212 (narn
1238 3134 1272 3194 id

144 3229 283 3307 quidem
306 3229 468 3290 orationis
491 3232 541 3290 est
562 3229 697 3308 vitium)
720 3247 884 3291 numerus
903 3233 1054 3305 vocatur,
1078 3231 1136 3309 qui
1158 3230 1272 3293 Graece

144 3330 248 3410 ῥυθμές
264 3325 421 3389 dicitur⁹.
449 3350 461 3383 ν
1175 3357 1177 3360 >

184 3425 298 3486 Verba
317 3425 388 3487 haec
405 3426 520 3487 omnia
537 3443 612 3505 quae
632 3429 720 3488 recte
742 3426 903 3488 barbaras
926 3427 1092 3489 dictiones
1113 3428 1273 3508 interpre-

142 3525 258 3585 tantur
278 3524 434 3603 reperire,
458 3525 568 3603 iisque
588 3525 727 3586 latinam
747 3528 978 3605 paupertatem
999 3526 1214 3605 locupletare,
1238 3527 1273 3588 id

144 3623 216 3682 erat
236 3621 358 3682 mentis
382 3623 546 3696 studium,
568 3640 643 3702 quae
663 3626 821 3702 peracuta
843 3626 932 3686 esset
954 3626 986 3685 et
1005 3624 1122 3703 patriis
1143 3625 1273 3705 graecis-

145 3735 210 3797 que
229 3718 351 3781 litteris
370 3721 533 3782 eruditior
554 3738 659 3800 quam
680 3739 755 3800 quae
776 3722 1019 3796 maximenon
1040 3725 1153 3784 autem
1174 3725 1273 3785 auda-

145 3816 277 3878 cissimi
292 3817 469 3898 cujusdam
486 3818 612 3898 ingenii
628 3819 725 3881 labor
738 3819 791 3881 vel
811 3819 918 3881 honos
933 3820 963 3881 is
979 3824 1060 3883 erat.

181 3977 208 4034 1.
228 3979 271 4033 De
286 3976 497 4045 rin.,111‚10‚
514 3979 559 4035 31.
572 4011 606 4018 -
619 3979 646 4034 9,
663 3982 706 4034 116
724 3981 798 4035 Not.
815 3983 861 4046 D.,
877 3980 916 4047 ΙΙ,
931 3981 975 4046 11,
988 3981 1033 4037 29.
1046 3981 1116 4036 -3,
1134 3984 1175 4037 116
1187 3982 1272 4050 rto„

148 4057 172 4124 Ι,
186 4058 213 4124 6,
229 4058 274 4113 21.
293 4058 338 4113 Cf.
360 4059 459 4128 Klotz,
476 4061 546 4114 Lot.
560 4059 640 4127 stit,
655 4077 684 4132 p.
700 4061 745 4116 89.
760 4062 834 4115 -1,
850 4062 960 4128 Acod„
977 4061 1015 4130 II,
1030 4063 1057 4127 9,
1071 4063 1115 4117 27.
1131 4094 1165 4101 —
1179 4064 1205 4118 5.
1223 4065 1273 4118 Ad

150 4139 227 4204 Act„
242 4139 323 4204 XVI,
339 4139 383 4205 11,
398 4140 509 4194 1.-0.
527 4142 571 4196 116
586 4142 660 4195 Not.
704 4141 759 4209 .,1,
777 4142 821 4209 19,
837 4141 873 4197 50
881 4158 889 4210 3
905 4143 929 4209 I,
943 4141 989 4209 39,
1006 4143 1067 4197 109.
1084 4173 1118 4180 -
1131 4144 1157 4197 7.
1175 4144 1271 4209 Orat,

148 4217 193 4284 02,
210 4217 274 4273 911.
291 4251 325 4257 -
345 4219 372 4273 8.
390 4221 432 4274 116
447 4219 682 4288 111016.,11,53,
699 4221 761 4277 108.
778 4252 812 4260 -
826 4221 853 4276 9.
872 4222 966 4289 Orat,
982 4223 1027 4287 20,
1043 4223 1087 4277 67.

1148 4357 1167 4412 5
