2828 4808
672 343 710 358 -
754 311 775 374 6
800 342 833 356 -
1189 338 1206 375 r

192 445 321 527 ingenii
345 414 581 527 sui'egestati,
606 463 676 509 11011
698 446 799 527 patrii
823 445 991 509 sermonis
1014 445 1203 525 paupertati
1229 445 1329 507 adhi-

193 545 323 621 berent,
340 562 534 625 quanquam
548 546 584 608 in
600 547 719 609 senatu
734 545 788 607 vel
804 545 846 606 ad
861 544 1023 624 populum
1038 545 1174 624 agentes
1189 561 1228 606 se
1244 562 1329 624 grae-

192 661 312 706 carum
330 644 558 706 doctrinarum
578 644 679 706 rudes
702 645 950 723 contemptores
971 641 1188 704 simulabant.
1214 642 1328 722 Impe-

192 742 284 803 rator
303 741 377 822 ipse
398 742 573 822 Augustus
595 759 702 822 graeca
720 741 892 804 interdum
913 742 1063 822 usurpat,
1084 740 1126 803 ad
1144 739 1327 804 Tiberium

193 841 225 902 ot
243 840 285 902 ad
300 840 433 904 Liviam
449 840 667 904 conscribens
679 843 701 904 ¹.

234 1136 278 1198 M.
299 1136 402 1199 Tullii
423 1136 583 1216 epistolae,
603 1154 677 1216 quae
698 1137 797 1199 nobis
812 1139 853 1200 de
870 1138 933 1199 hac
948 1136 1193 1217 quaestiuncula
1214 1137 1327 1199 disse-

193 1235 347 1298 rentibus
374 1235 581 1315 praecipnum
605 1236 757 1298 ordinem
784 1236 872 1298 inter
893 1238 1002 1298 cetera
1026 1252 1126 1316 opera
1151 1235 1323 1309 obtinent,

191 1333 343 1395 virorum
364 1333 637 1396 doctissimorum
658 1332 792 1413 ingenio
813 1335 844 1396 et
865 1333 1039 1414 diligentia
1058 1333 1250 1413 recognitae,
1270 1332 1326 1393 in-

192 1431 346 1493 numeris
363 1430 457 1493 vitiis
473 1430 544 1511 jam
563 1433 711 1511 purgatae
730 1433 874 1494 exstant.
891 1431 944 1493 Ex
962 1431 1087 1511 quibus
1104 1430 1232 1493 criticis
1251 1429 1326 1492 Ma-

192 1528 370 1609 laspinam,
395 1529 548 1602 Busirim,
569 1528 785 1604 Lambinnm,
807 1532 839 1591 et
862 1529 1062 1603 Ernestum,
1088 1528 1323 1604 Schuetzium,

192 1626 374 1700 Orellium,
405 1627 705 1707 Wesenbergium,
739 1627 926 1703 Klotzium,
962 1627 1137 1701 Bootinm,
1173 1627 1325 1706 denique

191 1723 397 1799 Mueckium,
418 1724 577 1804 pleraque
598 1725 744 1788 illustria
764 1726 913 1800 nomina,
932 1742 1130 1788 enumerare
1152 1724 1236 1787 satis
1257 1727 1324 1788 est.

235 1846 246 1878 ‹
278 1822 379 1884 Haud
403 1822 472 1884 scio
498 1841 538 1885 an
565 1823 697 1886 nullum
722 1824 933 1905 antiquitatis
960 1824 1221 1886 monumentum
1249 1823 1326 1903 plu-

192 1921 287 1983 ribus
304 1939 340 1983 ae
356 1922 567 2001 gravioribus
583 1924 715 1985 mendis
730 1923 937 1986 deformetur
953 1947 964 1980 »
983 1939 1085 2003 qnam
1099 1922 1152 1984 hae
1166 1923 1290 1986 litterae
1300 1925 1325 2000 ²,

192 2021 239 2083 ait
260 2019 448 2082 Mueckius.
466 2020 575 2083 Graeci
591 2020 624 2081 in
640 2021 760 2100 primis
776 2021 841 2083 loci
856 2022 1003 2102 pessime
1018 2021 1166 2101 corrupti
1184 2021 1327 2085 fuerunt

194 2119 226 2180 et
240 2117 342 2180 laceri
357 2119 494 2180 restant.
504 2118 656 2180 'Librarii
669 2119 772 2193 enirn,
789 2120 976 2200 saepissime
992 2136 1098 2200 graeca
1114 2135 1180 2181 uon
1199 2119 1329 2183 intelli-

192 2218 321 2296 gentes,
334 2216 464 2277 litteras
480 2216 603 2278 misere
616 2218 908 2296 perturbaverunt,
922 2218 1021 2280 binas
1038 2219 1069 2280 et
1084 2218 1197 2281 ternas
1214 2220 1329 2281 trans-

192 2316 379 2394 posuerunt
391 2315 415 2389 ³,
432 2315 596 2393 quasdam
615 2318 690 2377 ante
709 2315 839 2377 similes
858 2319 915 2379 aut
932 2316 1085 2396 ejusdem
1101 2315 1219 2379 formae
1235 2316 1329 2380 litte-

190 2430 245 2474 ras
265 2413 455 2475 omiserunt
465 2410 489 2475 1.
512 2412 596 2475 Cum
619 2416 732 2476 autem
755 2432 863 2476 unum
884 2414 1048 2490 codicem,
1070 2414 1129 2494 qui
1149 2415 1327 2479 Ravennae

192 2511 228 2572 in
250 2510 454 2573 bibliotheca
475 2510 648 2574 Classensi
670 2514 840 2587 servatur,
862 2513 1039 2577 librarium
1061 2513 1120 2592 qui
1142 2513 1328 2594 descripsit

193 2611 283 2672 esset
308 2608 431 2688 linguae
455 2627 568 2689 graecae
595 2611 740 2690 perituS,
763 2647 801 2655 -
826 2612 956 2691 quode
981 2611 1112 2673 sincera
1137 2610 1326 2690 aliqnando

193 2707 360 2787 scriptura
378 2708 500 2770 horum
518 2709 670 2771 locorum
689 2711 837 2790 apparet,
853 2745 892 2754 --
908 2709 1020 2772 Simeo
1036 2709 1160 2772 Bosius
1176 2726 1246 2771 non
1261 2712 1327 2774 du-

191 2803 313 2870 bitavit
334 2807 417 2886 quin
439 2808 574 2887 ingenio
597 2808 651 2870 vel
670 2808 788 2871 fraude
807 2809 897 2870 hunc
916 2808 1064 2870 codicem
1085 2807 1324 2884 conturbaret3

192 2905 340 2985 exempli
354 2922 468 2980 causa,
485 2923 502 2968 e
517 2906 594 2970 ficto
607 2907 701 2969 Bosii
717 2907 841 2982 codice,
857 2907 964 2970 invito
979 2905 1169 2980 Classensi,¹
1180 2906 1216 2967 in
1233 2907 1326 2970 deci·

192 3020 282 3066 mam
302 3003 412 3084 quinti
432 3005 608 3084 epistolam
631 3006 767 3086 irrepsit
788 3008 845 3069 ἄνω
863 3010 1054 3083 attacum
1076 3002 1191 3068 Cicero
1214 3005 1324 3069 latine

191 3102 326 3164 locutus
348 3104 437 3165 esset
460 3122 467 3164 ε
490 3127 502 3159 r
526 3121 661 3166 sursum
682 3105 840 3166 deorsum
853 3107 875 3167 ⁵.
902 3128 914 3161 »

232 3200 342 3272 Quare
360 3202 484 3281 sapius
500 3203 627 3265 deloco
643 3203 817 3283 desperato
836 3204 934 3283 plura
948 3203 1163 3282 conjecerunt
1177 3204 1210 3265 et
1224 3220 1325 3266 01100-

65 3355 66 3359 ,
191 3299 359 3379 gitavernt
375 3300 563 3363 doctissimi
579 3301 698 3375 critici,
715 3302 774 3382 qui
789 3302 875 3363 nihil
891 3303 1028 3382 quidem
1043 3319 1111 3364 non
1128 3301 1325 3382 vituperan-

192 3399 274 3459 dum
295 3397 511 3473 invenerunt,
534 3401 568 3463 at
591 3403 678 3463 certe
704 3400 832 3480 aliquid
856 3401 945 3481 quod
966 3401 1060 3463 nullo
1079 3399 1193 3463 labore
1217 3400 1325 3464 lector

191 3495 403 3575 intelligeret.
426 3495 515 3568 Quid
536 3498 639 3560 lateat
658 3498 721 3560 snb
746 3498 933 3578 corruptela
957 3497 1082 3560 codicis
1103 3501 1323 3562 ΕΚΙΤΑΟΝΟΝ

192 3594 302 3656 adhuc
331 3595 498 3658 incertum
527 3598 607 3659 esta
636 3596 725 3668 Quid
757 3597 819 3659 sub
851 3596 1117 3660 Nonnunerntt
1142 3595 1231 3667 Quid
1256 3599 1323 3662 sub

192 3693 609 3759 OTENAVZANbPAKllle
628 3693 715 3765 Quid
736 3695 799 3757 sub
820 3694 1065 3758 1000101011
1084 3693 1165 3766 Quae
1180 3694 1223 3756 ad
1237 3695 1323 3758 vitia

196 3791 406 3853 emendanda
427 3794 496 3855 tres
525 3792 636 3855 varias
662 3796 694 3856 et
716 3793 834 3874 planas
860 3793 1022 3856 lectiones
1048 3793 1322 3874 conjectaverunt

229 4022 256 4078 1.
280 4023 375 4092 Suet,
394 4022 470 4093 Tio,
485 4026 537 4095 21;
554 4029 678 4092 Claud,
692 4025 806 4082 11,-2,
820 4026 956 4094 Muecke,
975 4029 994 4080 t.
1015 4029 1047 4091 1.,
1065 4043 1095 4097 p.
1107 4024 1210 4081 1.-3.
1227 4026 1318 4096 lbid.,

195 4124 247 4178 pp.
269 4109 285 4162 1
304 4108 376 4166 eta.
394 4112 471 4166 -1,
496 4112 586 4178 ibid,
608 4129 638 4183 p.
657 4113 701 4169 10.
717 4112 790 4166 -5,
811 4113 859 4165 Ad
881 4113 953 4175 Ati,
974 4112 1010 4176 V,
1027 4112 1071 4178 10,
1086 4112 1113 4167 5.
1129 4141 1165 4152 -
1178 4112 1205 4168 6.
1226 4111 1317 4180 ibid,

195 4193 233 4261 X,
250 4194 295 4264 13,
311 4194 338 4250 3.
352 4226 386 4234 -
399 4196 426 4252 7.
443 4196 533 4264 Ibid.,
547 4198 583 4264 V,
599 4197 643 4263 11,
659 4198 686 4253 7.
705 4226 734 4237 -
746 4195 772 4253 8.
790 4195 881 4262 ibid,
896 4196 961 4262 XV,
977 4196 1021 4265 15,
1040 4196 1066 4251 1.
