2828 4808
629 310 768 376 ..5-

176 448 271 511 Idem
297 446 449 511 Lucilius
475 448 676 526 ἐλληνίζοντας
704 447 877 511 Romanos
904 447 1094 527 vituperare
1118 448 1264 524 videtur,

138 550 217 613 cum
231 546 349 610 scribit
363 547 404 610 da
420 547 540 610 eodem
555 546 629 609 viro
647 565 655 608 :

209 744 308 811 Quam
323 743 423 816 lepide
436 741 520 809 λέξεις,
537 746 711 816 compostae,
728 745 762 799 ut
778 742 945 811 tesserulae,
961 758 1069 799 omncs

210 830 283 885 Arte
297 828 467 902 pavimenti
481 831 574 902 atquc
589 827 785 884 emblemati'
801 827 995 885 vermiculati
1014 827 1036 883 ι1

180 1045 234 1107 Ex
254 1044 309 1107 his
327 1042 451 1106 Lucilii
470 1042 553 1106 locis
573 1043 702 1106 constat
721 1042 810 1105 hunc
831 1061 936 1123 graece
956 1043 1116 1124 loquendi
1137 1031 1269 1108 morem

142 1146 218 1206 ante
253 1142 405 1205 Atticum
442 1142 475 1204 ct
510 1141 705 1204 Ciceronem
739 1142 827 1220 apud
867 1141 1133 1205 litteratissimus
1174 1143 1268 1206 viros

18 1304 24 1311 ,
138 1231 326 1315 exstitisse,
350 1239 595 1320 cumprimum
621 1239 862 1320 grammaticus
884 1238 1000 1303 Gratas
1024 1243 1057 1304 et
1076 1239 1269 1304 Carneades

132 1339 364 1421 'philosophus
383 1355 507 1418 graecas
527 1337 656 1420 litteras
673 1338 705 1400 et
726 1337 896 1400 doctrinas
920 1336 1112 1401 faventibus
1129 1338 1270 1401 nobilis-

143 1438 240 1501 simis
253 1436 536 1512 adolescentibus
563 1435 670 1499 invito
700 1438 814 1499 autern
839 1435 982 1512 Catone,
1009 1438 1155 1506 Romam
1178 1437 1270 1500 intu-

143 1537 266 1601 lerunt.
373 1569 375 1573 ·

183 1635 229 1697 M.
241 1633 418 1698 Terentius
430 1635 537 1698 Varro
550 1633 730 1713 aliquando
746 1633 863 1714 graecis
876 1634 987 1698 verbis
1000 1634 1119 1711 utitur,
1131 1634 1167 1697 in
1182 1634 1270 1715 epis-

144 1734 289 1797 tolarum
308 1732 463 1812 reliquiis
481 1751 488 1794 :

187 1830 394 1894 «Convocat
425 1831 652 1895 Ptolemaeum·
675 1831 880 1911 κιναιδόλογον,
908 1831 1039 1894 Nicone
1069 1833 1270 1921 uecuoptcclp,

146 1930 257 1993 Diona
272 1929 455 1992 αὖλοπσιένῖ.
477 1953 489 1986 a

184 2027 230 2090 M.
253 2026 399 2103 Tullius,
422 2045 499 2090 cum
521 2027 558 2090 in
582 2027 733 2107 epistolis
757 2027 902 2090 latinum
926 2045 1117 2091 sermonem
1141 2028 1273 2108 aliquot

146 2125 263 2208 graecis
279 2125 392 2189 verbis
412 2125 543 2201 miscet,
564 2126 713 2189 fautores
732 2126 809 2188 illos
824 2125 1020 2189 Graecorum
1039 2129 1273 2190 consectatur

147 2224 206 2305 qui
227 2241 294 2286 non
316 2224 383 2286 nisi
404 2241 509 2305 graece
530 2224 667 2287 omnino
687 2225 922 2304 loquebantur,
943 2225 1031 2288 sicut
1049 2224 1088 2287 T.
1105 2225 1273 2289 Albucius

147 2323 215 2398 ille,
229 2322 416 2385 Varronem
431 2321 595 2385 imitatur.
611 2323 744 2386 Atticus
759 2325 883 2397 autem,
897 2323 956 2404 qui
969 2340 1153 2404 cognomen
1168 2323 1274 2386 etiam

148 2419 292 2484 Athenis
307 2421 543 2500 reportaverat,
558 2437 625 2482 non
641 2420 765 2500 ubique
781 2437 886 2500 graeca
900 2421 1015 2502 lingua
1029 2421 1197 2497 utebatur,
1212 2422 1274 2484 sed

147 2518 383 2583 tantummodo
407 2517 512 2581 latina
533 2518 696 2581 vocabula
720 2518 837 2598 graecis
861 2518 1042 2599 aliquando
1067 2520 1276 2583 contamina-

148 2617 205 2680 bat
222 2636 230 2678 :
247 2616 373 2679 nedum
388 2616 424 2678 hi
440 2616 540 2678 amici
556 2615 660 2678 moris
675 2615 768 2678 illius
784 2618 936 2680 auctores
951 2617 1021 2680 sint
1035 2617 1179 2680 dicandi.

190 2714 318 2787 Quodsi
334 2732 403 2777 non
420 2715 492 2794 jam
507 2714 744 2796 quotidianum
764 2731 955 2777 sermonem
971 2717 1003 2778 et
1019 2715 1177 2796 epistolas
1197 2733 1276 2780 oon-

151 2813 323 2888 siderariS,
350 2814 408 2876 sed
437 2814 561 2893 scripta
586 2812 718 2893 legeris,
743 2815 824 2876 tuno
848 2813 1013 2876 mirabere
1040 2817 1205 2893 quantum
1233 2816 1275 2878 de

75 2939 77 2944 ·
151 2913 256 2975 latina
272 2913 388 2992 lingua
403 2911 448 2974 M.
465 2898 756 2975 Tullius'meritus
771 2912 826 2975 sit.

6 3060 7 3063 ,
75 3061 91 3072 .,
189 3011 264 3073 Non
286 3010 408 3073 licebat
429 3007 670 3073 'comoediarum
691 3010 925 3091 scriptoribus,-
941 3011 1000 3091 qui
1017 3012 1142 3093 ignarae
1158 3014 1190 3076 et
1207 3015 1277 3076 tur·

104 3139 107 3154 =
151 3110 239 3174 bidae
260 3109 368 3190 plebis
392 3127 490 3172 aures
514 3109 652 3172 lenituri
675 3111 781 3184 erant,
807 3110 945 3172 omnino
970 3111 1128 3174 adhibere
1149 3129 1276 3192 graecas

152 3226 263 3285 voceS,
288 3225 374 3289 quas
398 3206 547 3279 Quirites
569 3225 643 3270 raro
666 3207 907 3289 intelligebant.
928 3210 1057 3288 Itaque,
1080 3227 1276 3290 quanquam

153 3306 287 3370 Graecas
317 3306 449 3369 fabulas
475 3306 695 3395 imitabantur
720 3309 752 3368 et
776 3324 862 3386 saepe
893 3307 1157 3384 transferebant,
1184 3309 1276 3372 haud

153 3423 240 3486 saepe
262 3407 400 3468 externa
421 3404 584 3467 vocabula
604 3404 654 3466 illi
676 3405 895 3486 usurpabant.
914 3404 1163 3469 Comoediarum
1184 3408 1278 3470 tituli

154 3521 196 3567 ex
214 3503 330 3584 graecis
344 3501 522 3583 aliquoties
542 3502 825 3578 transcribantur,
841 3501 933 3566 velut
947 3504 1149 3580 Pseudolus,
1166 3504 1278 3568 Heau-

154 3602 471 3676 tontimorumenos,
501 3600 672 3681 Adelphae.
700 3599 831 3673 Quibus
860 3601 968 3664 titulis
999 3603 1158 3683 exceptis,
1186 3603 1279 3668 haud

155 3690 362 3781 frequentia³
388 3697 559 3763 inveneris
584 3699 673 3780 apud
702 3697 862 3762 Plautum
892 3701 924 3763 et
948 3699 1145 3763 Terentium
1172 3719 1279 3782 graeca

190 3943 216 3998 1.
237 3943 280 3996 Dc
295 3943 356 4008 Oa,
372 3940 489 4007 III,l3‚
504 3940 566 3995 171.
583 3940 628 3994 df.
645 3939 764 3995 Lucilii
777 3938 952 4010 Reliquioe‚·
975 3940 1062 4008 ibid,
1080 3941 1118 3998 X.

191 4029 217 4083 2.
238 4027 294 4082 Ed.
322 4026 411 4081 Riese
431 4024 605 4096 (Teubner),
625 4025 688 4093 259,
709 4025 735 4082 3.

190 4113 218 4168 3.
239 4112 363 4168 Circiter
385 4108 588 4182 quadraginta
608 4110 722 4166 adsunt
741 4112 774 4166 in
798 4110 872 4166 Milo
892 4112 1039 4181 plorioao.
1067 4116 1182 4187 (Klotz,
1202 4119 1278 4174 Han

122 4233 124 4242 .
158 4199 207 4254 db.
232 4200 290 4254 der
309 4198 362 4253 tat.
388 4194 542 4261 stitutio,
560 4194 575 4268 ἓ
595 4195 639 4262 18,
655 4211 686 4268 p.
703 4196 778 4268 141.)
