2828 4808
690 314 855 377 -78..

212 439 296 520 su'is,
319 433 388 509 tarn
402 447 515 508 nescio
531 446 614 525 quid
633 446 783 526 cogitans
797 450 816 508 ¹.
840 471 851 502 ν
868 446 907 507 In
923 462 989 525 quo
1009 463 1120 528 mores
1135 445 1339 510 conformari

212 547 245 606 et
260 544 373 624 effingi
390 547 569 623 nequeant.
586 544 715 606 Gallice
732 544 800 606 fere
820 568 830 599 ι
850 543 1121 623 indisciplinable
1148 568 1174 606 ».

256 640 470 719 Ἀπάντησις.ι
496 641 587 712 Quas
610 642 683 703 fieri
707 659 825 704 censes
846 643 1014 719 ἀπαντήσεις
1033 659 1075 703 ex
1094 642 1240 722 oppidis,
1257 659 1338 722 quos

211 741 425 802 honorest-
440 740 491 802 Ne
513 740 554 801 ad
570 740 689 802 urbem
713 741 866 818 ἀπάντησις
888 756 963 801 mea
983 740 1282 802 animadvertatur.
1302 775 1338 784 -

212 837 353 899 Mirifica
371 839 523 914 ἀπάντησις
538 839 570 898 et
585 837 803 899 cohortati02.
829 862 840 893 ν
858 837 908 899 De
924 837 1056 916 ciuibus
1072 838 1131 916 qui
1151 837 1338 899 clarissimo

212 935 285 996 viro
298 936 333 996 in
348 935 466 998 urbem
478 935 649 1014 quandam
663 935 869 1009 advenienti,
880 935 1019 997 honoris
1032 952 1135 996 causa
1148 937 1338 997 occurrunt.

211 1032 339 1095 Gallice
355 1033 451 1095 nibil.

251 1133 416 1211 Βλάμμιιτιι
429 1133 461 1194 et
476 1132 661 1213 deeidam.
677 1155 688 1186 ι
703 1131 749 1193 Ut
762 1148 840 1192 vero
853 1132 1072 1193 conservetur
1083 1131 1197 1193 omnis
1209 1129 1340 1193 homini

213 1246 290 1309 erga
311 1229 484 1291 hominem
504 1230 659 1303 societas
679 1229 885 1309 conjunctio,
906 1229 1039 1304 canitae,
1061 1231 1094 1291 et
1113 1230 1340 1292 emolumenta

211 1330 243 1390 et
258 1328 460 1389 detrimenta
475 1327 562 1407 (quae
583 1328 759 1410 ὠφελήματα
774 1330 805 1390 et
823 1329 982 1407 βλάμματιι
995 1327 1176 1407 appellant)
1193 1343 1341 1389 commu·

213 1425 268 1487 nia
292 1443 365 1488 esse
382 1425 573 1505 voluerunt,
589 1442 733 1504 quorum
755 1425 858 1487 altera
877 1427 1029 1505 prosunt,
1046 1427 1168 1488 nocent
1187 1425 1305 1487 altera.
1327 1449 1338 1480 ν

210 1522 274 1584 Cui
297 1523 369 1585 loco
392 1522 582 1602 Madvigius
608 1523 774 1602 subjicit:
799 1547 811 1578 ι
835 1522 920 1584 Cum
941 1523 1169 1585 emolumenta
1189 1524 1222 1585 et
1241 1522 1340 1584 detri-

212 1623 326 1683 menta
339 1621 449 1683 dicere
462 1622 597 1683 coactus
610 1624 700 1684 esset
714 1621 828 1700 inopia
842 1620 978 1700 linguae,
991 1621 1026 1682 in
1039 1637 1106 1700 qua
1118 1619 1213 1682 nulla
1227 1620 1340 1682 essent

211 1719 436 1793 substantiva,
454 1735 528 1798 quae
548 1719 694 1780 averbis
713 1718 872 1798 prodesse
889 1720 921 1781 et
941 1735 1063 1781 nocere
1083 1719 1339 1806 descenderent

211 1820 249 1880 ut
265 1819 407 1903 ὠφέλημα
422 1820 454 1879 et
471 1819 593 1896 βλάμμα
607 1818 660 1879 ἀπὸ
674 1824 721 1879 τοῦ
739 1818 859 1898 ὠφελεῖν
872 1817 920 1878 καὶ
935 1824 982 1878 τοῦ
999 1818 1146 1894 βλάπτειν,
1161 1816 1234 1878 haec
1249 1815 1341 1877 addi-

211 1916 259 1977 dit
274 1919 311 1978 ut
326 1915 464 1995 propius
479 1916 520 1976 ad
537 1914 731 1976 Graecorum
747 1915 925 1976 nominum
940 1915 1010 1975 vim
1026 1914 1230 1976 accederet³.
1257 1937 1268 1969 ν

250 2017 392 2087 Διάθειις.
416 2036 427 2068 ι
454 2012 602 2074 Odorare
625 2015 738 2073 tamen
760 2012 899 2074 Antonii
923 2013 1055 2088 tralleon,
1076 2028 1178 2090 quem
1201 2011 1341 2090 quidem

211 2128 271 2190 ego
292 2112 468 2191 epularum
490 2110 597 2189 magis
617 2110 761 2171 arbitror
783 2110 948 2171 rationem
968 2109 1103 2184 babere,
1125 2126 1229 2189 quam
1249 2109 1341 2188 quic-

210 2227 311 2288 quam
327 2209 406 2270 mali
422 2209 577 2288 cogitare.
599 2207 756 2270 »Gallice
775 2232 786 2263 ι
806 2205 1057 2286 dispositiens⁴.
1078 2232 1090 2264 ν

256 2305 384 2388 Ἐπέχειν
401 2323 579 2368 assensum
600 2307 780 2369 sustinere.
800 2330 810 2361 ι
831 2305 921 2376 Quas
938 2307 1043 2368 multo
1061 2308 1137 2368 ante
1156 2309 1234 2368 tuas
1251 2323 1342 2368 aoce-

134 2464 136 2469 .
213 2424 327 2486 peram
349 2407 495 2477 litteras,
519 2404 555 2465 in
582 2404 706 2483 quibus
732 2407 842 2485 ἐπέχειν
864 2407 896 2466 te
921 2405 1117 2484 scripseras
1140 2405 1224 2484 quid
1251 2406 1342 2467 esset

212 2503 296 2565 mihi
316 2503 507 2565 faciendum
524 2520 571 2565 eae
593 2520 646 2564 me
666 2503 870 2582 pungebant.
891 2527 903 2558 ν
927 2502 1083 2564 Gallice«
1104 2502 1172 2564 etre
1196 2518 1238 2564 en
1260 2520 1342 2564 sus-

211 2619 306 2682 penS.
327 2625 339 2657 ι

250 2699 361 2770 Quam
384 2701 498 2780 argute
520 2699 680 2761 subtilem
702 2715 886 2778 graecorum
906 2700 1084 2761 nominum
1104 2716 1247 2761 sensum
1266 2717 1342 2780 pro-

211 2800 410 2878 sequeretur
426 2801 551 2871 noster,
565 2798 635 2859 baec
648 2797 935 2876 disputatiuncula
951 2800 991 2860 de
1004 2798 1167 2860 vocabulo
1186 2822 1197 2854 ι
1217 2799 1339 2879 ἐποχὴν

211 2897 371 2971 ostendit,
386 2914 461 2975 quae
482 2897 518 2957 in
542 2887 682 2976 epistola
699 2896 844 2974 quadam
857 2897 900 2958 ad
913 2897 1064 2959 Atticum
1078 2896 1178 2958 inest.
1195 2896 1235 2958 In
1251 2901 1343 2960 Aca-

211 3001 429 3058 demicorum
453 2995 562 3074 prima
586 2995 780 3056 recensione
806 2994 909 3074 (nunc
933 2996 980 3071 II,
1001 2997 1056 3070 29,
1082 2995 1134 3076 94)
1158 2996 1342 3076 scripserat

211 3093 353 3155 Cicero:

252 3215 263 3247 ι
291 3191 361 3272 Ego
383 3190 490 3266 enim,
507 3192 544 3252 ut
565 3191 707 3270 agitator
724 3191 877 3267 callidus,
893 3193 1092 3272 priusquam
1110 3191 1271 3254 adfinem
1286 3209 1342 3255 ve-

211 3291 315 3366 niam,
332 3307 436 3369 equos
457 3289 674 3351 sustinebo.»
694 3288 867 3352 Sermonis
884 3291 1011 3352 nautici
1031 3307 1150 3370 expers
1170 3292 1341 3353 erraverat

211 3391 344 3451 Atticus
368 3406 444 3450 cum
469 3388 548 3449 huic
573 3389 736 3451 suasisset
755 3392 791 3451 ut
814 3390 974 3452 scriberet
993 3407 1061 3450 non
1079 3412 1091 3444 «
1110 3405 1215 3468 equos
1238 3390 1341 3452 susti-

212 3489 297 3551 nebo
318 3512 329 3544 ν
353 3489 410 3549 sed
432 3487 620 3549 «inhibebo
641 3511 666 3549 ν.
688 3487 797 3559 Quam
818 3489 1071 3561 correctionem,
1092 3487 1202 3566 primo
1222 3487 1342 3566 proba-

210 3590 292 3660 tam,
308 3603 397 3646 nunc
414 3586 552 3647 meliora
567 3586 705 3648 edoctus
721 3588 793 3649 tolli
804 3587 901 3667 Jubet
922 3588 1047 3648 noster.
1067 3609 1078 3641 ι
1094 3585 1192 3647 Nunc
1209 3586 1250 3647 ad
1268 3603 1340 3648 rem

213 3686 249 3745 ut
265 3684 410 3757 redeam,
428 3687 582 3744 inlabere
609 3683 694 3745 illud
713 3688 822 3760 tuum,
848 3686 938 3764 quod
954 3684 1050 3746 valde
1074 3683 1158 3744 mibi
1174 3683 1338 3759 irriserat,

212 3781 431 3843 vehementer
455 3781 622 3860 displicit3
650 3785 701 3843 est
728 3784 818 3844 enim
845 3784 987 3845 verbum
1016 3783 1124 3843 toturn
1150 3781 1337 3843 nauticum.

215 3878 416 3956 Quanquam
437 3879 471 3939 id
491 3879 627 3957 quidem
645 3880 805 3955 sciebam,
823 3882 882 3943 sed
901 3880 1089 3943 arbitrabar
1108 3878 1271 3940 sustineri
1288 3895 1340 3941 re·

247 4101 275 4156 1.
294 4099 1336 4172 nanta,x,ro,a-2.rua,vr11,rc‚a;1x,aaran,a.-

210 4186 237 4242 3.
255 4186 345 4254 unu,
363 4186 442 4249 mu
458 4185 484 4252 a,
501 4185 527 4239 a.
545 4217 579 4223 -
593 4187 619 4239 a.
637 4187 724 4254 rma,
742 4187 791 4255 vr,
808 4187 835 4251 o,
848 4187 875 4242 3.
