2828 4808
596 315 755 377 ..15-

112 448 216 511 nibus
238 447 471 529 explicandam
492 448 627 530 putavi,
652 446 765 529 magni
788 448 988 512 existimans
1010 449 1173 511 interesse
1197 447 1238 511 ad

112 547 215 621 decus
236 549 268 609 ei
289 547 330 609 ad
352 541 487 610 laudem
509 547 671 622 civitatis,
695 565 749 609 res
770 549 839 610 tam
861 565 979 628 graves
1000 548 1136 628 tamque
1158 565 1239 628 prae-

111 645 220 707 claras
235 644 350 707 latinis
365 645 466 709 etiarn
481 645 603 707 litteris
618 645 795 708 contineri.
812 645 928 724 quue
944 662 996 708 me
1012 645 1127 708 minus
1142 645 1239 707 insti-

111 743 177 805 tuti
202 742 268 805 mei
289 744 440 822 paenitet,
464 743 554 823 quod
578 743 675 805 facile
697 743 822 818 sentio,
844 761 946 822 quam
966 743 1151 806 multorum
1172 761 1239 806 non

112 841 212 911 modo
242 840 393 905 discendi
423 842 482 904 sed
513 841 614 903 eiiam
644 840 812 903 scribendi
843 842 955 903 studia
987 842 1238 904 commoverim.

112 937 420 1018 Complures'enim
440 938 557 1018 graecis
573 937 846 1001 institutionibus
862 939 997 1015 eruditi,
1015 957 1053 1001 ea
1068 956 1142 1018 quae
1157 939 1241 1001 didi-

112 1037 227 1098 cerant
250 1049 327 1097 curn
349 1035 481 1099 civibus
504 1036 577 1098 suis
600 1036 851 1099 communicare
872 1054 939 1099 non
961 1039 1127 1118 poterant,
1149 1038 1241 1116 quod

112 1133 171 1196 illa
191 1151 266 1213 quae
286 1151 305 1195 a
324 1133 452 1197 Graecis
473 1134 680 1214 accepissent
702 1133 806 1197 latine
825 1135 891 1197 dici
910 1152 1008 1215 posse
1029 1135 1239 1211 diffiderent3

112 1250 180 1313 quo
201 1232 238 1294 in
261 1250 382 1314 genere
403 1235 535 1297 tanturn
556 1233 739 1314 profecisse
761 1232 928 1310 videmur,
950 1237 987 1297 ut
1008 1251 1027 1296 a
1048 1233 1175 1298 Graecis
1198 1251 1240 1298 ne

113 1331 295 1407 verborum
310 1330 448 1411 quidem
465 1331 560 1411 copia
574 1331 820 1394 vinceremur1.
848 1356 860 1388 ι
1053 1332 1058 1345 ·

154 1429 249 1492 Hanc
271 1430 406 1492 laudem
422 1430 553 1493 affectat
574 1429 691 1492 Cicero
713 1431 751 1491 ut
768 1431 899 1510 patrius
921 1448 1044 1507 sermo,
1064 1430 1124 1511 qui
1144 1431 1239 1512 prius

112 1527 211 1607 inops
226 1526 345 1589 merito
360 1527 551 1607 putabatur,
564 1544 655 1589 nunc
671 1544 733 1589 sua
744 1544 844 1608 opera
854 1528 887 1590 et
901 1527 1064 1591 beneficio
1079 1545 1140 1591 suo
1150 1528 1241 1590 locu-

111 1625 258 1705 pletatus
275 1626 307 1686 et
326 1624 518 1687 ditissimus
540 1625 627 1687 inter
648 1643 766 1688 omnes
786 1625 1010 1688 existimetur.
1028 1625 1240 1706 Singularem

111 1723 199 1785 hanc
223 1721 364 1801 gloriam
387 1722 548 1784 acerrime
575 1723 804 1803 prosequitur,
828 1725 866 1786 ut
889 1740 990 1802 quam
1013 1724 1149 1786 laudem
1168 1724 1240 1803 jam

112 1820 226 1883 Caesar
239 1819 305 1900 ipsi
324 1819 512 1894 tribuisset,
530 1821 672 1883 eandem
688 1821 868 1884 decernant
883 1837 1001 1884 omnes
1016 1821 1108 1884 cives
1126 1839 1133 1882 :
1150 1820 1241 1885 Cice·

111 1936 231 1981 ronem
254 1918 454 1981 exstitisse«
475 1935 542 1980 non
563 1919 674 1981 solum
697 1920 882 2001 principem
906 1921 1004 1999 atque
1028 1919 1240 1983 inventorem

111 2017 228 2096 copiae,
244 2016 304 2079 sed
319 2005 421 2079 etiarn
436 2016 521 2079 bene
540 2017 699 2080 meritum
717 2018 758 2081 dc
775 2017 890 2098 populi
905 2018 1036 2081 romani
1055 2018 1192 2081 nomine
1208 2021 1240 2081 et

111 2115 295 2195 dignitate3
321 2138 332 2171 ι
357 2131 424 2194 quo
440 2115 561 2178 autem
586 2133 653 2178 uno
676 2115 820 2180 victores
842 2115 939 2178 latini
963 2132 982 2177 a
1004 2116 1104 2178 victis
1126 2115 1240 2180 Graiis

109 2213 339 2287 vincerentur,
358 2213 428 2275 ida
447 2229 484 2275 se
506 2215 574 2276 met
596 2214 670 2295 ipso
692 2214 799 2276 fuisse
822 2217 985 2294 ereptum.
1006 2215 1141 2278 Etenim
1161 2232 1239 2278 eum

111 2312 267 2374 nominat
278 2310 314 2374 C.
324 2311 460 2374 Plinius
472 2312 578 2392 major
587 2313 772 2387 parentem
783 2300 962 2389 facundior
972 2316 1240 2390 latinarumque

112 2412 321 2473 litterarum
337 2410 387 2487 (N
389 2458 396 2471 .
414 2410 563 2486 H.,V11,
580 2410 645 2490 30).

152 2508 262 2580 Quare
278 2508 355 2571 fecit
375 2507 537 2572 Catonem
553 2509 623 2572 haec
640 2510 675 2572 in
694 2511 792 2574 tertio
807 2515 848 2574 dc
862 2515 1011 2574 Finibus
1025 2509 1112 2574 libro
1129 2511 1240 2573 dioen-

110 2609 206 2670 tem:
706 2656 708 2660 .

155 2727 166 2759 ι
240 2703 327 2765 Hinc
348 2707 398 2767 est
420 2703 504 2766 illud
527 2707 694 2780 exortum,
711 2707 800 2785 quod
822 2706 912 2770 Zeno
934 2711 1109 2789 προηγμένον
1133 2707 1240 2770 nomi-

112 2802 217 2876 navit,
232 2804 413 2883 contraque
427 2803 518 2882 quod
531 2804 761 2886 ἀποπροηγμέν;ν
777 2804 977 2880 nominavit,
994 2822 1072 2867 curn
1089 2807 1240 2868 uteretur

111 2899 148 2961 in
171 2900 287 2980 lingua
311 2901 446 2979 copiosa
467 2901 564 2963 factis
588 2904 700 2964 tamen
726 2902 922 2965 nominibus
948 2920 986 2965 ac
1012 2903 1122 2979 novis,
1149 2904 1239 2983 quod

111 2998 211 3060 nobis
235 2998 271 3060 in
296 2998 358 3060 bac
386 2998 479 3079 inopi
503 2999 618 3080 lingua
649 3017 717 3062 non
741 3001 953 3077 conceditur3
979 3019 1175 3082 quanquam
1202 3003 1239 3063 tu

110 3095 255 3176 (Cicero)
271 3097 358 3158 hanc
374 3096 596 3177 copiosiorem
612 3098 714 3161 etiarn
729 3099 817 3162 soles
832 3099 976 3163 dicere2.
998 3124 1010 3157 »

151 3194 328 3274 Vituperat
350 3195 452 3277 igitur
473 3195 518 3258 M.
540 3195 674 3258 Tullius
697 3197 725 3258 si
747 3198 804 3277 qui
827 3214 933 3278 graeca
948 3198 1052 3261 verba
1072 3200 1238 3278 usurpant

109 3295 191 3356 dum
208 3295 331 3374 scripta
345 3293 510 3357 Romanis
525 3294 664 3374 legenda
679 3299 887 3375 componunt
905 3315 913 3357 t

54 3396 56 3400 ’
153 3415 164 3448 ι
190 3392 350 3456 Sermone
366 3410 405 3455 eo
427 3392 589 3455 debemus
610 3393 660 3454 uti
680 3393 740 3472 qui
762 3394 899 3456 innatus
922 3397 973 3457 est
994 3394 1103 3470 nobis,
1125 3412 1179 3469 ne,
1202 3397 1239 3457 ut

108 3490 259 3568 quidam,
278 3506 385 3571 graeca
404 3490 506 3553 verba
525 3490 745 3566 inculcantes,
762 3492 838 3571 jure
854 3491 980 3572 optimo
996 3492 1201 3555 rideamuri.
1224 3516 1235 3547 ι

150 3587 259 3658 Quare
272 3587 387 3651 Cicero
403 3588 487 3667 ipse,
501 3589 537 3650 in
553 3589 596 3650 iis
610 3589 768 3669 operibus
782 3607 857 3669 quac
872 3590 923 3652 vel
939 3584 1095 3653 audiente
1111 3590 1234 3670 populo

104 3685 260 3749 Romano
286 3685 482 3767 pronuntiat
492 3684 515 3762 ⁴,
540 3687 593 3749 vel
618 3688 658 3749 ad
684 3687 887 3750 erudiendos
914 3688 1007 3750 cives
1032 3688 1232 3764 conscribit,

142 3927 170 3983 1.
191 3929 232 3982 Dc
247 3927 376 3984 Natura
391 3928 537 3993 deorum,
553 3926 578 3996 1,
594 3928 622 3996 4,
638 3925 665 3983 7.

143 4013 171 4069 2.
193 4015 235 4068 Dc
251 4011 396 4078 Finibus,
416 4013 470 4078 ΙΙΙ,
489 4013 534 4079 15,
556 4013 601 4068 51.

145 4098 172 4154 3.
197 4100 240 4152 De
258 4095 359 4167 Offic,
376 4096 399 4166 I,
419 4097 466 4164 31,
484 4097 548 4153 111.

144 4186 172 4242 4.
195 4207 208 4237 u
223 4184 333 4251 Quand
348 4200 388 4240 on
406 4185 491 4242 avait
507 4187 525 4240 a
543 4186 643 4258 parler
660 4186 774 4243 devant
788 4185 816 4241 le
830 4185 952 4259 peuple,
967 4202 1007 4242 on
1026 4187 1147 4259 prenait
1161 4187 1235 4244 bien
