2828 4808
620 305 778 366 ..58-

141 437 232 515 visse
252 438 342 517 quod
361 437 471 522 33331
493 432 636 516 publicae
656 437 865 517 3313333133
885 410 1050 502 utilitates
1074 441 1262 520 pertineret,

141 538 404 598 consentaneum
416 537 477 609 331,
487 539 520 597 31
533 553 590 598 333
601 539 749 618 θεωρικοῖς
758 539 900 618 πρακτικὰ
913 538 1019 600 313113
1029 539 1264 618 praeposuisse.

140 630 255 697 Cicero
281 635 427 713 3333331
446 635 545 696 13333
574 635 684 696 item:
712 658 722 690 ι
748 634 795 696 Te
821 635 921 698 istam
945 638 1015 698 tarn
1034 638 1173 700 tenuem
1200 645 1265 706 teo·¹

141 735 202 817 ρίαν
217 734 287 795 1313
301 733 397 797 33133
414 733 616 794 admiratum
632 749 706 794 esse
722 734 862 812 gaudeo,
880 734 1035 814 3333313
1052 735 1093 796 ad
1108 737 1236 810 τέλρς11
1252 761 1263 792 ›

44 908 47 915 Ι
141 831 195 910 (33
211 830 324 893 11113113
351 829 478 892 33111331
501 829 731 910 Tyrannionis
752 831 811 910 qui
832 833 872 893 de
894 833 1088 895 accentibus
1104 835 1263 914 exponit).

143 929 286 1015 Atticini
301 928 340 989 T.
358 927 578 1006 Pomponius
595 928 730 990 latinior
744 928 788 990 M.
805 929 949 992 Tullius.
1093 921 1094 924 '

183 1050 194 1081 a
214 1027 288 1110 'Sed
309 1025 390 1104 quid
410 1025 495 1104 agot
513 1042 579 1086 non
601 1025 715 1087 imitor
733 1028 912 1106 λακωνισμὲν
930 1029 1027 1089 tuum
1048 1047 1054 1088 :
1074 1030 1180 1091 altera
1195 1031 1262 1110 jam

141 1124 468 1204 pagellaproceditb
498 1147 508 1178 i
831 1136 836 1146 ⁴

183 1247 194 1278 ι
222 1221 344 1283 Nullos
367 1221 511 1283 honores
531 1221 614 1282 mihi
637 1221 704 1282 nisi
725 1222 904 1285 verborum
926 1225 1059 1286 decerni
1080 1225 1155 1288 sino
1175 1245 1182 1287 :
1202 1229 1263 1288 313-

139 1324 229 1394 1333,
254 1319 344 1393 1333,
365 1322 504 1401 τέθριππα
522 1318 715 1398 3331113333.
737 1344 747 1375 l
771 1320 862 1391 Quos
883 1322 1062 1402 quadrigas
1084 1323 1262 1402 provinciae

141 1436 255 1499 graecae
284 1420 317 1480 et
343 1417 548 1480 3313113313
576 1418 720 1498 fastigiis
748 1420 950 1500 templorum
977 1422 1030 1482 331
1057 1422 1092 1482 13
1118 1424 1261 1484 arcubus

139 1538 263 1600 ponere
281 1519 444 1589 solebant.
467 1516 630 1599 (Orell.)⁴.
703 1581 704 1584 ,

183 1643 194 1674 c
215 1618 308 1679 Nihil
324 1618 414 1680 enim
430 1619 497 1678 lant
516 1619 656 1687 31133133,
671 1635 772 1697 quam
787 1623 1019 1700 rupeiuoara'uaug
1032 1619 1066 1680 in
1080 1620 1159 1681 caelo
1177 1638 1259 1690 3333,

141 1717 275 1796 tyranni
305 1716 391 1777 13313
413 1715 584 1776 defendit.
608 1739 618 1770 1
642 1716 711 1778 Sub
734 1716 835 1777 verbo
859 1735 964 1796 graeco
988 1719 1153 1780 exclamat
1182 1719 1262 1780 Boo·

139 1808 208 1877 tius
231 1833 238 1874 :
263 1839 273 1871 ‹
298 1814 402 1875 Miror
424 1831 483 1874 cur
505 1813 619 1874 Cicero
643 1831 709 1875 non
733 1815 845 1892 potius
867 1815 1099 1894 tyrannicidas
1122 1817 1262 1896 appella-

140 1913 236 1975 verit.
265 1936 276 1968 »
300 1913 430 1991 Nempe
455 1912 535 1990 quia
558 1929 635 1972 cum
658 1912 792 1991 hospita
816 1913 1037 1993 appellatione
1062 1915 1205 1976 redeunt
1229 1915 1261 1975 in

142 2010 339 2072 memoriam
358 2010 578 2089 tyrannicidae
597 2009 645 2070 illi
667 2010 845 2089 attici.'qui
864 2011 1021 2072 omnibus
1042 2011 1075 2072 in
1096 2029 1153 2073 ore
1172 2015 1260 2081 3331,

140 2109 198 2188 331
218 2109 361 2187 3333113
381 2125 482 2186 quam
503 2107 648 2170 maxime
667 2108 743 2169 elati
765 2109 911 2183 fuerunt,
929 2110 1132 2188 quibuscum
1151 2113 1262 2172 autem

139 2207 283 2268 Brutum
305 2208 336 2268 et
356 2206 512 2267 Cassium
530 2206 689 2266 laudandi
710 2223 812 2267 causa
828 2206 943 2269 Cicero
963 2207 1102 2282 confert,
1123 2208 1262 2270 Harmo-

141 2305 217 2366 dius
234 2306 265 2366 ot
282 2304 474 2382 Aristogito.

183 2427 194 2458 ι
220 2403 342 2477 Quare,
358 2404 394 2464 ut
416 2402 545 2480 opinor,
568 2403 832 2487 333333313313
852 2404 996 2482 333313
1017 2403 1111 2480 13313,
1128 2406 1161 2466 31
1181 2405 1262 2466 13133

141 2500 337 2562 3333313133
353 2517 419 2561 333
432 2500 527 2562 113331
544 2498 706 2562 facteonl.
727 2524 738 2556 ι
909 2498 911 2501 ’

181 2598 216 2660 Si
236 2598 326 2682 *forte
349 2598 463 2660 Cicero
489 2599 705 2671 3333313133
729 2583 873 2678 quadam
897 2600 947 2660 vel
971 2601 1188 2680 grammatica
1211 2602 1261 2664 331

140 2695 373 2776 31111333311133
399 2697 434 2758 13
459 2697 611 2777 epistolis
637 2697 798 2776 13331133,
821 2698 944 2777 saepius
970 2716 1076 2778 graeca
1101 2700 1263 2761 vocabula

141 2798 297 2874 usurpat.
323 2812 517 2875 quanquam
541 2795 669 2856 latinus
694 2813 804 2857 sermo
828 2797 931 2857 latina
958 2797 1148 2876 suppeditat
1173 2800 1264 2860 3133

143 2894 266 2956 3311313
281 2895 382 2972 31333
401 2893 549 2956 subtilia.
563 2893 753 2956 Extrariam
770 2895 951 2956 dictionem
967 2897 1127 2976 praeoptat
1142 2897 1231 2975 quod
1247 2916 1264 2958 a

142 2993 286 3072 quodam
308 2991 360 3053 331
381 2992 598 3071 grammatico
619 2992 670 3053 331
690 2993 887 3072 philosopho
911 2993 1077 3056 celebrata
1095 2995 1263 3075 propriam

143 3091 213 3152 3113
234 3091 365 3163 3311331,
384 3092 415 3152 31
437 3090 597 3169 tanquam
618 3090 739 3152 referta
759 3090 892 3153 3133133
911 3092 972 3154 1133
990 3094 1059 3154 1313
1074 3093 1262 3173 disciplina.

144 3189 334 3269 Aliquando
358 3190 390 3250 et
412 3188 547 3269 jocandi
572 3188 677 3268 gratia
700 3189 825 3251 exteris
848 3190 970 3252 litteris
996 3194 1028 3252 et
1054 3191 1265 3254 scholasticis

47 3320 49 3324 ·
144 3286 442 3350 exercitationibus
459 3285 589 3360 3113311,
606 3287 730 3366 3311133
747 3288 881 3349 animus
899 3288 1100 3351 informatus
1116 3292 1177 3365 331,
1188 3308 1267 3370 qua·

145 3403 220 3447 rum
236 3385 417 3466 imaginem
433 3385 468 3446 in
484 3385 647 3447 momoria
660 3386 862 3466 insculptam
878 3386 977 3449 babet
994 3405 1001 3447 :

187 3482 234 3547 Ἐν
245 3488 389 3566 παρέργῳ,
404 3484 440 3545 in
455 3483 618 3546 transitu:
637 3507 647 3539 1
668 3481 714 3546 Ἐν
727 3489 875 3567 παρέργῳ
890 3486 928 3546 33
942 3486 1141 3549 dictatore...
1155 3489 1266 3550 actum

144 3583 253 3645 adbuc
275 3583 360 3644 nihil
383 3585 443 3645 est.
466 3581 515 3644 Cf.
535 3601 571 3643 :r
598 3580 644 3644 Ἐν
664 3585 814 3666 capita...
835 3601 947 3665 regern
971 3592 1177 3664 regnumque
1200 3603 1267 3648 ser-

144 3681 247 3746 33117.
270 3705 281 3737 »
890 3696 892 3700 '
1220 3693 1222 3695 ’

179 3915 205 3968 1.
230 3915 279 3968 Aa
295 3915 451 3980 313311,
468 3916 494 3978 11,
510 3914 536 3968 2.
553 3915 627 3968 -2,
648 3914 737 3981 ibid,
755 3915 806 3978 Xl,
823 3915 867 3983 25,
883 3915 910 3969 2.
926 3948 960 3954 -
974 3915 1000 3969 3.
1019 3915 1108 3979 ibid,
1124 3916 1160 3981 V,
1176 3916 1221 3982 al,
1238 3917 1263 3970 7.

145 4030 179 4037 —
194 3999 220 4052 4.
241 3999 283 4062 T.‚
301 3999 368 4052 Liv.
390 4000 512 4063 XXXV,
528 4000 571 4052 ll.
590 4031 623 4036 —
637 3999 664 4053 5.
686 4001 733 4052 Aa
755 4000 829 4062 Aac,
847 4000 925 4065 XIV,
948 4001 974 4064 o,
996 4002 1022 4054 2,
1046 4001 1091 4056 ct.
1118 4001 1218 4065 Tunc,
1241 4002 1264 4068 l,

144 4087 188 4152 39,
205 4088 267 4142 tro.
287 4121 319 4127 —
335 4089 361 4143 6.
379 4091 426 4143 Ad
440 4090 513 4155 Art..
531 4089 554 4154 Ι,
576 4090 619 4156 16,
636 4087 662 4143 3.
682 4118 715 4128 -
730 4088 756 4142 7.
773 4089 820 4141 nu
837 4087 1116 4156 01113“1.,]11,3,’3;
1134 4093 1177 4144 33Ι
1191 4094 1264 4156 aa„
1282 4094 1286 4099 “

143 4172 280 4239 11,,20,6.
1199 4181 1204 4189 “
