2828 4808
628 339 788 402 ..97-

186 471 262 551 Ipso
282 470 513 543 Quintilianus
531 470 708 532 confessus
724 474 775 534 est
792 490 799 532 :
819 495 829 526 ι
850 471 980 535 Graecis
999 471 1129 534 utimur
1144 472 1269 546 verbis,

141 569 204 630 uhi
220 571 336 631 nostra
350 569 505 631 desunt1.
527 592 539 624 ll

182 667 226 728 Et
247 666 381 729 Plinius
410 670 442 729 et
465 666 597 729 Celsius
623 667 810 747 pessimum
837 668 900 730 hoo
929 668 1122 748 exemplum
1146 668 1270 730 imitati

143 767 224 828 sunt
251 784 258 826 :
289 789 300 821 l
327 764 415 827 Chez
442 765 491 827 les
517 764 668 828 derniers
693 766 942 846 representauts
966 767 1006 828 de
1030 766 1062 828 la
1085 766 1270 829 litterature

141 864 257 936 latine,
283 863 394 943 iuquit
418 863 582 937 Goelzer²‚
605 881 672 925 uon
698 865 887 927 seulement
911 883 953 926 on
976 865 1047 927 voit
1069 865 1119 926 les
1145 867 1270 927 termes

142 961 304 1042 speoiaux
322 961 476 1041 penetrer
495 962 579 1023 dans
599 962 631 1023 la
650 963 783 1042 langue,
803 963 889 1024 mais
909 980 1028 1025 enoore
1048 964 1096 1026 les
1118 967 1205 1025 mots
1225 964 1271 1025 la·

143 1061 211 1122 tius
227 1059 437 1138 equivalents
453 1063 529 1122 sont
544 1060 728 1140 remplaoes
743 1079 804 1141 par
817 1062 877 1122 des
892 1063 980 1124 mots
996 1078 1100 1141 greos.
1123 1085 1134 1117 n

165 1159 279 1231 ¹Quod
302 1159 440 1220 effatum
461 1177 562 1238 quam
586 1176 705 1221 verum
726 1161 771 1222 sit
792 1160 939 1233 videbis,
964 1160 993 1221 si
1015 1163 1181 1223 Rhetores
1204 1165 1269 1222 Mi-

142 1274 247 1320 nores
270 1260 327 1320 aut
350 1257 549 1336 Hieronymi
573 1274 591 1318 a
613 1257 745 1319 Goelzer
769 1259 994 1337 compositum
1016 1275 1161 1338 graecum
1182 1258 1269 1320 indi-

140 1373 214 1418 oem
242 1355 484 1435 pervolverisi.
514 1355 714 1417 Numeravit
743 1355 995 1417 eruditissimus
1022 1352 1202 1418 Weisius⁴
1231 1356 1266 1418 in

141 1454 246 1516 latina
265 1456 334 1516 tota
353 1455 468 1533 lingua
488 1453 556 1516 fere
577 1457 706 1534 septem
726 1454 832 1515 millia
854 1454 955 1516 verba
975 1471 1091 1534 graeca.

181 1553 281 1632 Apud
303 1550 497 1614 Ciceronem
520 1552 644 1613 adsunt
663 1551 719 1613 vix
742 1552 845 1625 mille,
866 1569 974 1632 neque
994 1569 1033 1614 ea
1054 1553 1090 1614 in
1110 1552 1268 1615 orationi-

141 1651 222 1725 hus,
244 1650 303 1711 sed
332 1649 367 1710 in
390 1648 541 1728 epistolis
565 1651 695 1725 addita,
717 1649 769 1712 vel
796 1650 831 1711 in
856 1649 1098 1730 philosophicis
1128 1650 1267 1712 rhetori·

139 1749 235 1811 ¹oisve
251 1748 385 1828 seriptis
409 1749 571 1811 traducta.

181 1851 314 1926 ltaque,
340 1847 492 1924 quamvis
525 1847 671 1926 plurima
697 1864 803 1926 graeca
833 1847 937 1909 verha
964 1846 999 1908 iu
1029 1847 1177 1924 epistolis
1203 1847 1265 1908 sihi

141 1946 332 2007 adhibuerit
348 1951 472 2020 noster,
490 1950 638 2007 attamen
661 1963 720 2025 pro
737 1946 828 2007 virili
849 1948 952 2023 parte,
969 1950 1131 2024 quantum
1147 1947 1266 2024 potuit,

140 2048 275 2124 tempus
291 2045 433 2118 distulit,
447 2044 503 2106 uhi
518 2045 623 2107 latina
637 2045 753 2125 lingua
767 2045 883 2124 graeois
898 2045 1010 2107 verbis
1026 2045 1266 2108 invadentibus

141 2147 297 2223 corrupta
316 2145 414 2205 estet
434 2143 625 2222 depravata.

176 2367 203 2421 l.
219 2365 334 2432 Quint,
346 2367 425 2420 lust.
439 2367 500 2434 Or„
515 2365 538 2432 1,
551 2366 578 2434 5,
591 2367 635 2424 58.
649 2396 683 2408 -
695 2366 721 2422 2.
735 2366 862 2433 Goelzer,
875 2369 908 2422 L.
925 2369 956 2434 t,
971 2383 999 2439 p.
1012 2367 1075 2423 224.
1085 2397 1121 2407 -
1131 2367 1159 2423 3.
1173 2367 1263 2435 Ibid,

140 2468 170 2523 p.
184 2451 246 2506 205.
262 2483 296 2491 -
308 2451 335 2505 4.
350 2451 462 2517 Weise,
475 2450 531 2506 Die
546 2451 743 2520 prteehisehe
756 2453 972 2507 Lehnwoerter
985 2452 1030 2507 tm
1040 2451 1264 2508 Loteintsohea

140 2537 288 2606 Sprache.
306 2536 436 2607 Leipzig,
453 2536 532 2593 1882.
549 2537 594 2592 Cf.
609 2539 655 2590 Lo
671 2538 816 2604 Cultura,
831 2537 951 2592 Rivista
969 2537 999 2591 di
1020 2538 1146 2602 soieuza
1161 2537 1265 2592 lettere

140 2621 178 2675 ed
189 2621 246 2674 arti
260 2620 298 2686 ΙΙ,
312 2621 340 2687 3,
360 2638 388 2692 p.
401 2621 438 2677 38
454 2621 663 2690 :Zambaldi,«
680 2623 725 2677 Lu
739 2625 820 2677 terza
834 2624 919 2694 parte
934 2621 982 2676 del
999 2621 1104 2677 lavoro
1125 2623 1264 2677 oontiene

140 2704 261 2760 l'indioe
284 2706 445 2762 alsahetioo
464 2706 541 2762 delle
561 2708 680 2762 seimila
700 2711 867 2763 noveoento
889 2708 1057 2778 cinquanta
1077 2708 1180 2779 parole
1201 2723 1264 2779 gre-

140 2790 206 2856 ohe‚
223 2806 281 2861 que
297 2791 323 2845 si
339 2794 467 2847 trovano
482 2793 532 2847 uel
546 2792 645 2847 latini.
663 2813 676 2842 u
