2828 4808
541 832 755 897 OCTAVUM
777 833 937 898 CAPUT.
970 856 973 859 ·

167 1106 170 1111 Α
254 1122 392 1175 Quoniam
412 1121 504 1167 MODO
525 1121 756 1167 PHILOSOPHIAE
779 1121 820 1167 AC
842 1123 1046 1168 RHETORIGAE
1067 1125 1219 1172 LINGUAM

441 1221 482 1264 EX
506 1219 624 1265 GRAECO
646 1220 823 1266 THESAURO
844 1221 1037 1268 ulravnfflr.

214 1606 258 1669 Et
278 1604 490 1686 philosophia
509 1622 546 1666 ac
568 1604 734 1667 rhetorica
753 1607 847 1668 erant
868 1623 993 1686 graecae,
1015 1608 1201 1688 dequibus
1224 1627 1297 1690 pes-

170 1704 260 1766 sime
279 1703 405 1765 latinus
427 1720 553 1777 sermo,
574 1704 651 1765 ante
674 1702 717 1766 M.
740 1703 891 1765 Tullium
915 1708 1095 1785 συντάγματα
1116 1724 1178 1768 sua
1199 1708 1298 1770 eden·

170 1806 255 1876 tem,
276 1801 492 1864 disseruerat.
509 1800 589 1863 Haec
609 1800 780 1863 Ciceronis
802 1819 903 1882 opera
924 1804 1041 1883 graecis
1063 1804 1174 1867 verbis
1196 1805 1299 1868 reler-

171 1901 326 1975 ciuntur3
348 1917 456 1979 neque
476 1900 709 1962 tantummodo
731 1901 767 1962 ut
789 1917 928 1963 sensum
950 1901 1123 1980 scriptoris
1146 1903 1297 1977 efferant,

172 2000 233 2060 sed
255 1998 347 2060 etad
367 1998 522 2059 ditandas
543 2000 642 2077 atque
663 1998 704 2059 ad
725 1999 895 2078 augendas
916 1999 1041 2078 patrias
1063 2017 1162 2063 voces
1185 2005 1299 2064 extera

171 2097 337 2158 vocabula
356 2096 585 2158 insumuntur.
604 2096 668 2158 His
686 2096 830 2158 enimin
849 2097 1002 2177 dialogis,
1020 2098 1141 2178 cuique
1159 2100 1299 2163 dictioni

171 2213 288 2274 graecae
305 2211 444 2256 romana
461 2212 529 2256 una
547 2195 702 2274 pluresve
722 2212 757 2257 se
778 2195 919 2257 comites
937 2196 1135 2276 adjungunt,
1151 2215 1226 2278 quae
1244 2217 1300 2262 ex-

170 2297 307 2356 traneas
322 2292 410 2366 illas,
427 2292 519 2355 velut
534 2293 655 2355 umbra
670 2309 803 2372 corpus,
821 2295 1003 2356 sectantur.

214 2391 373 2454 (iurante
388 2390 511 2452 latinas
526 2391 602 2452 illas
618 2391 805 2453 locutiones
821 2392 947 2471 ubique
964 2394 1052 2472 apud
1066 2394 1155 2457 hunc
1172 2395 1300 2476 discep-

171 2492 300 2554 tantem
317 2490 473 2570 prccedat
492 2507 637 2569 gracum
655 2489 794 2564 dictum,
809 2490 950 2553 diversae
971 2493 1186 2572 suppeditant
1200 2495 1301 2556 ratio-

174 2605 247 2650 nes.
271 2587 305 2649 Is
327 2587 401 2666 qui,
423 2604 500 2648 cum
523 2588 598 2649 ante
619 2587 752 2667 plebem
777 2587 947 2651 forensem
971 2605 1091 2652 causas
1115 2595 1241 2671 ageret,
1263 2611 1299 2656 se
1328 2641 1334 2652 .

174 2681 322 2743 maxime
343 2683 514 2761 expertem
532 2698 715 2760 graecarum
737 2681 928 2756 litterarum
947 2682 1093 2762 fingebat
1114 2685 1298 2761 exstitisse,

174 2779 234 2858 qui
250 2778 429 2840 clarissimi
450 2778 588 2840 artificis
608 2778 706 2858 graeci
727 2797 768 2841 ne
788 2797 911 2841 nomen
926 2781 1065 2859 quidem
1083 2783 1245 2845 memoria
1262 2800 1298 2846 se

174 2877 356 2940 retinuisse
370 2875 563 2951 simulabat,
577 2876 679 2951 idem,
694 2876 869 2955 siquando
886 2879 927 2940 ad
941 2879 1107 2943 litteratos
1122 2880 1213 2944 cives
1226 2899 1300 2944 eru·

174 2976 316 3038 diendos
338 2975 529 3051 conscribit,
553 2993 737 3057 eorumque
756 2976 883 3055 judicio
906 2983 1079 3058 pergratus
1102 2996 1176 3042 esse
1195 2981 1297 3061 cupit

175 3091 242 3135 non
268 3074 366 3135 modo
387 3075 512 3153 quanta
536 3073 579 3135 sit
603 3073 735 3154 inipso
758 3074 954 3154 alienigenae
975 3076 1136 3138 doctrinae
1158 3077 1299 3141 scientia
1339 3102 1360 3125 ν

174 3189 242 3234 non
260 3171 331 3251 jam
352 3171 459 3246 abuit,
484 3172 543 3233 sed
564 3172 666 3234 etiam
686 3173 901 3252 disciplinam
920 3190 1017 3235 suam
1038 3175 1245 3254 praesefert
1267 3178 1300 3238 et

175 3289 265 3333 nunc
280 3270 451 3351 gloriatur.
463 3270 600 3331 Nemini
613 3271 755 3333 dubium
770 3273 830 3343 est
846 3275 1054 3354 συγγράμματα
1068 3273 1299 3353 philosophica
1320 3275 1323 3279 ’

170 3371 232 3430 >aad
248 3369 412 3430 rhetorica
427 3369 628 3443 revolventi,
645 3368 726 3447 quin
744 3369 868 3449 saepius
884 3370 919 3431 in
939 3370 1084 3450 hospitis
1099 3371 1211 3433 verbis
1226 3391 1300 3451 pro-

174 3466 321 3528 ferendis
344 3468 511 3528 ostentare
536 3466 617 3528 velit
639 3466 755 3528 Cicero
785 3485 963 3546 quousque
993 3468 1202 3546 cognitiones
1228 3487 1298 3531 suae

173 3564 441 3644 progrediantur.
463 3551 550 3626 Nam
578 3568 689 3644 sperat
715 3582 751 3626 se
774 3565 886 3643 ipsum
914 3565 1095 3627 miraturos
1121 3583 1195 3628 esse
1220 3567 1300 3637 Qui-

174 3663 255 3724 rites
270 3661 359 3732 illos„
374 3661 431 3740 qui
447 3662 675 3723 doctrinarum
690 3662 951 3723 advecticiarum
967 3664 1079 3725 studia
1095 3682 1136 3726 ne
1154 3666 1298 3727 summis

174 3760 311 3839 quidem
333 3759 437 3820 labris
463 3759 707 3822 delibaverunt.
737 3758 903 3821 Praeterea
925 3778 1071 3840 graecum
1093 3761 1298 3824 vocabulum

117 3849 123 3854 ’
176 3874 297 3919 novam
317 3857 429 3918 latinae
450 3857 541 3918 vocis
559 3857 837 3937 significationem
856 3858 908 3920 vel
928 3858 1071 3920 formam
1092 3860 1248 3939 explanat
1266 3861 1300 3922 et

175 3955 272 4036 quasi
295 3955 452 4017 clientem
474 3957 634 4035 patronus
655 3955 775 4036 legenti
796 3957 1018 4018 commendat.
1041 3957 1076 4019 Si
1096 3958 1154 4036 qui
1175 3958 1298 4020 litteris

176 4053 293 4132 graecis
308 4053 519 4127 erudiuntur,
534 4071 574 4116 ex
589 4056 666 4115 noto
683 4053 868 4134 importatae
884 4053 1042 4116 dictionis
1058 4073 1160 4117 sensu
1175 4073 1298 4117 novam

177 4152 291 4231 patriae
313 4150 494 4213 locutionis
521 4152 676 4213 virtutem
700 4152 871 4231 colligunt.
900 4151 985 4213 Cum
1010 4155 1123 4214 autem
1144 4154 1298 4232 pluribus
