2828 4808
626 333 783 392 ..54-

180 442 322 527 Diversa
335 480 376 526 ex
390 461 493 524 variis
509 462 616 542 poetis
632 464 784 526 carmina
797 463 946 543 protulit,
960 463 1032 526 sive
1047 464 1184 544 integra
1198 464 1269 527 loca

139 562 308 636 rescribit,
331 579 392 624 161
416 578 455 622 ea
480 561 561 623 adeo
585 578 740 623 sermone
762 561 841 624 trita
867 563 947 624 sunt
968 563 1006 624 ut
1028 563 1063 623 11
1095 563 1269 641 proverbii

140 677 240 722 usum
255 658 451 720 transierint
466 660 498 720 et
513 658 746 738 mutilaatque
762 661 934 739 amputata
948 660 1103 722 celeriter
1117 677 1137 721 a
1153 662 1269 722 nostro

38 807 40 811 .
140 759 368 819 assumantur.
390 755 470 827 Quae
488 756 601 825 omnia
621 773 687 818 non
708 757 820 837 ipsum
839 756 966 819 librum
985 758 1194 837 pervolvens
1214 757 1269 818 ille

139 853 394 927 transcribebat,
416 854 475 916 sed
496 854 659 915 memoria
677 855 824 929 tenebat,
846 855 970 934 quibus
991 857 1141 917 mentem
1159 855 1231 935 jam
1252 873 1270 916 a

140 952 254 1032 pueris
289 953 525 1025 exornaverat,
559 968 633 1030 quae
661 969 764 1015 senex
798 953 907 1015 adhuc
944 958 1181 1016 reservaverat
1207 973 1215 1015 ε
1241 953 1269 1015 11

140 1051 273 1129 quando
290 1048 511 1112 difficillimus
525 1049 626 1112 fiebat
641 1050 851 1129 publicarum
868 1053 1119 1124 161111111111,
1138 1051 1169 1112 11
1187 1051 1269 1113 16116
1292 1061 1296 1069 “

141 1151 330 1211 extremum
349 1148 518 1226 quoddam
537 1148 615 1210 vitae
635 1149 817 1211 discrimen
837 1149 1019 1221 incidebat,
1039 1149 1185 1211 aderant
1206 1151 1269 1210 sta-

140 1245 202 1308 tim
226 1246 266 1307 ad
291 1246 529 1307 sustinendum
551 1248 582 1308 et
607 1248 789 1326 regendum
813 1247 956 1309 tiliolum
980 1249 1144 1326 tanquam
1174 1264 1269 1309 vene-

141 1344 238 1405 randi
264 1346 419 1423 parentes
445 1346 550 1422 poetae
575 1343 624 1404 illi
650 1361 767 1406 omnes
792 1344 906 1424 graeci,
930 1361 1076 1423 quorum
1104 1347 1269 1425 praecepta

142 1440 290 1515 colebat,
312 1441 519 1503 hortationes
540 1441 767 1515 auscultabat,
790 1441 933 1504 consilia
957 1440 1128 1520 relligiose
1152 1446 1269 1521 seque-

142 1538 253 1601 batur.

183 1636 291 1709 Quam
311 1637 510 1700 excellentes
529 1641 635 1718 poetae
652 1641 684 1701 et
704 1639 737 1700 in
760 1638 879 1718 primis
896 1655 998 1717 quam
1014 1638 1156 1700 divinus
1176 1640 1275 1701 vates

142 1736 322 1810 Homerus
340 1753 382 1798 ex
401 1754 466 1816 quo
486 1737 583 1816 quasi
603 1753 644 1799 ex
663 1736 753 1799 fonte
774 1736 913 1816 perenni
932 1737 1170 1817 profluxerunt
1189 1737 1269 1798 boni

143 1833 248 1896 animi
263 1836 295 1895 61
309 1834 421 1913 gloriae
437 1835 569 1914 cupida
587 1837 619 1897 et
635 1834 752 1896 mortis
768 1835 991 1914 contemptus,
1010 1835 1042 1895 et
1059 1834 1095 1895 in
1110 1834 1176 1896 hac
1192 1851 1270 1914 quo-

143 1932 270 1993 tidiana
289 1931 505 1993 dimicatione
525 1933 694 1994 contentio
713 1949 750 1994 ac
769 1931 964 2011 pertinacia,
986 1948 1028 1992 ex
1047 1949 1114 2011 quo
1140 1931 1269 2012 largum

142 2029 279 2091 virtutis
294 2031 410 2110 potum
428 2030 614 2092 hauserunt
632 2032 760 2092 veteres
776 2030 826 2091 illi
840 2029 936 2092 Graii
952 2029 1010 2108 qui
1030 2029 1131 2091 nobis
1147 2033 1270 2092 aeterna

143 2127 309 2190 dictorum
324 2129 356 2189 61
372 2127 558 2189 facinorum
574 2128 727 2208 exempla
742 2128 961 2202 tradiderunt,
979 2144 1079 2206 aquo
1095 2144 1269 2190 resumere

144 2225 234 2287 vires
253 2226 361 2287 adbuc
381 2228 523 2306 possunt
543 2227 570 2288 si
591 2244 666 2306 quae
686 2228 802 2307 gentes
823 2225 1003 2288 debilitatae
1024 2228 1104 2287 1111
1127 2229 1270 2288 616161-

144 2325 239 2398 vatae,
256 2324 352 2403 cujus
367 2340 433 2403 quo
449 2325 562 2403 plures
578 2325 706 2386 111-111
722 2325 856 2386 civitate
873 2324 1018 2402 quadam
1034 2323 1181 2386 studiosi
1202 2341 1270 2386 seo-

143 2423 279 2496 1611161,
297 2440 334 2484 66
355 2423 524 2484 robustior
542 2423 579 2484 fit
595 2423 810 2496 1111111111,
827 2423 886 2501 qui
904 2422 1048 2500 denique
1068 2439 1161 2484 unus
1182 2421 1268 2484 inter

144 2537 261 2581 omnes
277 2521 399 2600 dignus
419 2523 529 2583 exstat
545 2522 604 2600 qni
620 2520 789 2602 praeclaris
804 2520 872 2582 illis
892 2519 1101 2582 carminibus
1121 2519 1267 2582 Romani

145 2617 243 2696 lyrici
261 2619 442 2680 extollatur
460 2637 467 2679 :

239 2769 445 2826 ,0116161111
460 2771 545 2842 pueri
560 2770 748 2842 balbumque
762 2775 851 2842 poeta
866 2770 987 2842 figurat.
1073 2754 1076 2760 ⁵

251 2854 386 2926 Torquet
400 2857 438 2910 ab
453 2856 593 2911 obscenis
605 2855 671 2926 jam
686 2872 768 2911 nunc
783 2855 976 2911 sermonibus
993 2869 1110 2910 aurem.
1130 2856 1135 2865 ’

252 2941 326 2995 Mox
344 2941 437 2996 etiam
450 2945 554 3012 pectus
569 2942 729 3012 praeceptis
744 2943 857 2996 format
874 2941 992 3006 1111611,

254 3025 435 3095 Asperitatis
449 3029 478 3080 et
492 3025 617 3079 invidiae
633 3029 781 3080 corrector
795 3029 825 3079 et
844 3025 905 3080 irae.

255 3110 346 3164 Recte
362 3110 554 3177 famarefert,
571 3111 699 3164 orientia
716 3113 855 3182 tempora
871 3110 951 3166 notis

256 3195 384 3250 Instruit
399 3195 546 3266 exemplis
559 3199 578 3250 ¹.

187 3400 213 3456 1.
237 3402 356 3470 Horat,
372 3401 469 3472 Epist.
486 3400 525 3468 Il,
541 3401 567 3469 l,
586 3402 647 3458 tac.
