2828 4808
732 357 889 422 ..20-

284 491 351 566 His
372 491 408 553 in
436 490 533 553 libris
561 490 621 553 uhi
651 491 691 553 de
723 491 938 573 philosophia
964 493 997 555 et
1024 491 1190 555 rhetorica
1218 493 1374 569 disserit,

242 589 374 669 quoties
395 589 511 653 Cicero
535 590 680 653 latinum
705 590 846 652 verbum
869 589 1038 670 conquirit
1058 608 1164 670 graeco
1187 608 1260 671 par,
1284 594 1376 672 quod

242 686 333 750 idem
353 688 472 762 valeat,
490 688 664 768 quotiesve
686 687 816 768 cogitur
835 705 941 749 unum
960 705 1105 768 graecum
1124 688 1283 768 pluribus
1303 691 1377 752 lati-

242 788 296 849 nis
311 788 447 868 assequi
460 789 492 851 et
507 789 694 866 adaequare,
709 787 823 862 totieS,
838 789 874 850 ut
890 789 1000 850 mente
1016 787 1187 867 concipias
1201 790 1375 868 quodnam

241 887 419 947 externum
433 884 538 947 latino
553 887 777 957 convertatur,
792 885 897 947 latino
914 902 1060 965 graecum
1074 886 1176 949 etiam
1191 887 1374 955 subtexere

224 983 337 1070 solet,
350 1000 421 1045 uno
437 985 469 1045 et
484 984 602 1046 eodem
617 983 686 1046 fere
703 985 802 1046 modo
822 983 1042 1046 introducens
1060 1002 1068 1045 :
1087 1008 1098 1040 ‹
1118 983 1241 1060 Quam,
1259 1003 1374 1065 quem,

240 1097 337 1160 quos,
361 1099 435 1161 quae
461 1082 570 1145 Graeci
594 1081 774 1162 appellant,
801 1085 933 1157 vocant,
961 1082 1150 1157 nominant,
1176 1083 1335 1146 dicunt1.
1361 1108 1372 1141 ι

239 1180 361 1258 Atqui
387 1179 423 1241 in
443 1179 595 1259 epistolis
615 1185 659 1242 acl
686 1183 860 1251 Atticum,
884 1182 916 1242 et
943 1185 988 1242 ud
1007 1184 1223 1243 Familiares
1252 1182 1383 1245 insunt

240 1278 338 1356 graeci
370 1277 435 1341 loci
465 1295 645 1340 romanum
672 1295 865 1341 sermonem
893 1278 1010 1359 graecis
1036 1279 1175 1341 vocibus
1203 1282 1374 1343 exornant

240 1375 368 1438 omissa
389 1375 481 1439 omni
504 1377 720 1440 excusatione
741 1379 903 1457 tanquam
929 1393 1194 1457 supervacanea,
1216 1382 1249 1442 et
1270 1379 1374 1442 inter-

239 1475 424 1554 pretatione
439 1475 531 1537 omni
547 1475 670 1556 reJeeta
685 1478 849 1555 tanquam
866 1475 996 1538 acerba.

280 1572 356 1635 Non
378 1574 491 1635 autem
511 1575 702 1654 promiscue
727 1575 769 1636 ad
791 1591 909 1636 omnes
930 1573 1115 1636 familiares
1135 1574 1267 1638 litteras
1287 1576 1371 1638 dum

239 1671 383 1746 conficit,
405 1672 521 1752 graecis
540 1673 653 1736 verbis
675 1672 879 1735 latinitatem
899 1689 997 1734 suam
1018 1672 1227 1754 distinguere
1251 1673 1370 1739 Cicero

239 1770 335 1833 solet.
357 1769 409 1834 Ab
429 1770 483 1832 his
504 1770 662 1847 abstinet,
686 1770 830 1850 exempli
854 1787 971 1847 causa,
995 1771 1127 1851 quoties
1148 1773 1190 1834 ad
1211 1772 1369 1853 Caelium,

239 1885 433 1949 quanquam
455 1869 521 1932 sibi
547 1870 810 1946 amicissimum,
836 1871 894 1932 aut
918 1870 960 1932 ad
985 1869 1140 1932 Servium
1163 1870 1369 1952 Sulpicium,

239 1983 434 2047 quanquam
462 1967 614 2030 doctrina
641 1967 734 2031 omni
763 1968 954 2044 eruditum,
984 1968 1212 2030 litterularum
1239 1969 1371 2049 aliquid

238 2068 363 2129 exarat.
386 2067 494 2129 Immo
517 2067 559 2128 ad
580 2084 687 2129 unum
711 2068 743 2129 et
767 2067 913 2130 eundem
934 2066 1045 2133 virum
1067 2067 1181 2130 missae
1203 2068 1369 2148 epistola,

239 2164 337 2226 modo
355 2164 470 2245 graecis
485 2165 598 2227 verbis
616 2164 773 2245 plurimae
796 2164 1032 2240 referciuntur,
1049 2165 1148 2228 modo
1167 2166 1284 2247 plures
1301 2185 1371 2229 om·

238 2260 319 2324 nino
338 2264 468 2339 carent,
492 2264 583 2326 velut
605 2264 647 2326 ad
673 2262 833 2326 Cassium
853 2265 911 2325 aut
930 2263 972 2325 ad
989 2263 1151 2326 Atticum.
1174 2264 1371 2346 Antequam

237 2360 442 2441 requirimus
463 2379 582 2424 causas
597 2380 657 2424 cur
672 2379 798 2441 graecas
816 2379 913 2425 voces
929 2364 1009 2424 tuno
1025 2361 1150 2425 devitet
1169 2363 1224 2425 hic
1240 2367 1369 2442 noster,

237 2475 299 2521 nos
317 2461 467 2539 profiteri
482 2460 565 2531 libet
585 2461 637 2523 vel
653 2461 814 2523 minimas
832 2478 906 2523 esse
922 2477 1042 2522 causas
1058 2461 1110 2523 vel
1130 2461 1267 2541 penitus
1285 2466 1319 2526 et
1335 2464 1370 2526 in

236 2556 374 2637 longum
389 2557 603 2623 absconditas
619 2576 675 2621 eas
692 2576 926 2638 saepenumero
941 2560 1044 2632 visas,
1058 2558 1112 2621 vel
1124 2559 1226 2622 etiam
1240 2560 1368 2624 nullas,

235 2654 312 2717 Non
341 2656 462 2719 desunt
485 2658 599 2719 tamen
627 2656 775 2719 rationes
800 2657 969 2737 quaedam,
997 2656 1134 2736 quibus,
1160 2658 1229 2721 nisi
1253 2658 1368 2736 fallor,

235 2752 420 2834 intelligere
440 2772 557 2835 queaS,
574 2772 634 2817 cur
652 2755 706 2817 his
727 2754 853 2818 exteris
873 2755 1048 2818 vocabulis
1070 2754 1135 2817 sibi
1151 2755 1370 2820 interdixerit

235 2850 363 2914 Cicera.

274 2950 327 3013 Ab
348 2951 418 3014 illis
438 2953 577 3015 vocibus
599 2971 677 3016 eum
697 2952 916 3016 abhorruisse
936 2953 972 3015 in
992 2956 1120 3034 septem
1140 2951 1295 3033 epistolis
1317 2973 1370 3020 se-

234 3049 335 3111 cundi
354 3049 432 3113 libri
448 3056 493 3113 ud
509 3054 700 3115 Curionem
719 3051 865 3132 scriptis,
882 3069 951 3114 non
962 3051 1034 3133 jam
1053 3051 1290 3129 admirabitur,
1307 3051 1368 3135 qui

233 3147 323 3209 hune
337 3151 447 3211 Bruti
460 3149 572 3212 locum
587 3149 622 3211 in
638 3150 838 3212 memoriam
854 3151 1062 3213 revocaverit
1079 3168 1087 3211 :

276 3270 288 3303 ‹
313 3247 518 3310 Litterarum
533 3249 715 3310 admodum
730 3248 815 3310 nihil
829 3248 1013 3311 sciebam...
1026 3247 1207 3312 Neminem
1220 3251 1368 3332 cognovi

233 3346 267 3408 in
289 3347 382 3409 omni
401 3363 521 3427 genere
540 3347 761 3409 honestarum
780 3348 904 3411 artium
924 3349 994 3410 tam
1013 3347 1201 3423 indoctum,
1217 3349 1289 3411 tam
1311 3368 1367 3413 ru-

232 3445 320 3507 dem.
343 3445 485 3507 Nullum
507 3445 597 3507 enim
618 3446 751 3524 poetam
774 3447 924 3520 noverat,
947 3445 1080 3508 nullum
1101 3445 1230 3526 legerat
1254 3449 1367 3511 orato·

232 3559 315 3617 rem,
331 3543 459 3605 nullam
475 3542 673 3606 memoriam
688 3543 898 3623 antiquitatis
915 3543 1093 3624 eollegerat
1104 3544 1127 3605 ³.
1152 3567 1163 3600 »

271 3640 324 3702 Ad
345 3658 486 3704 uxorem
506 3658 640 3721 quoque
664 3641 856 3704 Terentiam
879 3641 1014 3720 quando
1037 3641 1192 3721 epistolia
1216 3643 1362 3707 remittit

231 3738 275 3800 M.
293 3738 425 3802 Tullius
440 3738 509 3802 fere
522 3739 654 3801 nullum
665 3757 811 3819 graecum
826 3739 953 3802 dietum
968 3739 1122 3815 includit,
1139 3739 1264 3821 qnippe
1281 3759 1358 3822 quae

266 3988 292 4044 1.
313 3987 513 4055 Boltzenthal,
530 3992 568 4045 de
581 3988 683 4046 Groeci
697 3988 856 4046 sermonis
865 3988 1126 4059 proprietatibus
1139 4004 1210 4059 quoa
1226 3991 1262 4045 in
1276 3990 1361 4048 Cice-

228 4073 320 4130 ronis
335 4072 475 4143 epistolis
494 4072 719 4130 inveniuntur.
737 4073 881 4145 (Clistrin,
898 4075 978 4144 1881,
994 4074 1081 4147 1-11),
1099 4091 1129 4146 p.
1146 4075 1172 4130 1.

265 4160 293 4215 2.
313 4161 446 4225 Brutus,
464 4159 572 4226 LVllI,
587 4159 650 4216 210.

219 4288 221 4293 .
265 4244 293 4300 3.
314 4243 403 4311 lbid.,
420 4244 475 4302 213
489 4248 517 4301 et
531 4245 596 4301 214.
