2828 4808
472 838 686 903 OCTAVUM
708 839 868 902 CAPUT.
902 861 904 864 ⁴

184 1128 322 1182 Quonam
343 1127 435 1172 MODO
456 1127 688 1172 PHILOSOPHIAE
710 1126 752 1172 AC
773 1128 977 1173 RHETORICAE
998 1130 1150 1176 LINGUAM

372 1227 414 1270 EX
437 1225 556 1270 GRAECO
577 1225 754 1270 THESAURO
775 1226 969 1273 DITavnRIT.

145 1613 189 1675 Et
208 1610 422 1691 philosophia
441 1627 478 1672 ac
500 1609 666 1672 rhetorica
684 1612 779 1673 erant
799 1628 925 1690 graecae,
946 1612 1132 1691 dequibus
1154 1631 1229 1694 pes-

105 1711 191 1772 sime
210 1709 337 1771 latinus
358 1725 484 1782 sermo,
506 1710 583 1770 ante
605 1707 649 1770 M.
672 1708 822 1770 Tullium
846 1712 1230 1789 31113133133113311311-

105 1812 186 1887 tem,
207 1808 424 1869 disseruerat.
441 1806 521 1868 Haec
540 1805 711 1868 Ciceronis
734 1823 835 1886 opera
855 1808 973 1886 graecis
994 1808 1105 1870 verbis
1128 1809 1230 1872 reter-

106 1907 258 1981 ciuntur3
280 1923 387 1984 neque
408 1905 641 1967 tantummodo
662 1906 699 1966 ut
720 1922 859 1967 sensum
881 1906 1055 1984 scriptoris
1078 1907 1229 1981 efferant,

106 2006 164 2066 sed
186 2007 218 2066 et
237 2005 279 2065 ad
299 2004 454 2065 ditandas
474 2005 574 2082 atque
594 2003 636 2063 ad
656 2003 827 2082 augendas
848 2003 973 2082 patrias
995 2020 1094 2066 voces
1116 2008 1231 2068 extera

105 2102 270 2165 voeabula
288 2102 517 2163 insumuntur.
536 2101 600 2162 His
618 2101 709 2162 enim
727 2101 762 2162 in
781 2101 934 2181 dialogis,
951 2102 1073 2181 cuique
1091 2104 1230 2167 dictioni

105 2219 219 2280 graecae
236 2217 375 2262 romana
393 2217 462 2261 una
479 2199 634 2279 pluresve
653 2217 689 2261 se
710 2200 850 2261 comites
869 2200 1067 2280 adjungunt,
1083 2219 1157 2281 quae
1176 2221 1232 2266 ex-

104 2303 239 2363 traneas
254 2298 342 2371 illas,
359 2297 451 2360 velut
466 2296 587 2358 umbra
602 2314 735 2378 corpus,
752 2300 935 2360 sectantur.

146 2397 214 2459 Cur
228 2399 305 2459 ante
320 2395 443 2459 latinas
458 2395 535 2457 illas
550 2395 737 2457 locutiones
755 2395 879 2475 ubique
896 2398 983 2476 apud
997 2397 1087 2460 bunc
1104 2399 1232 2480 discep-

104 2499 232 2561 tantem
249 2495 405 2576 procedat
424 2512 569 2574 graecum
586 2493 726 2568 dictum,
741 2494 883 2556 diversae
903 2497 1118 2576 suppeditant
1132 2499 1233 2560 ratio-

10 2654 12 2659 ,
107 2612 179 2656 1133.
203 2593 237 2655 13
258 2593 333 2671 qui,
355 2609 432 2654 cum
454 2593 531 2654 ante
551 2591 684 2671 plebem
709 2590 880 2654 forensem
903 2610 1023 2656 causas
1047 2598 1173 2675 ageret,
1195 2614 1232 2659 se
1260 2644 1266 2656 .

107 2687 254 2749 maxime
275 2688 446 2766 expertem
465 2703 647 2766 graecarum
669 2686 861 2760 litterarum,
879 2687 1026 2767 fingebat
1046 2689 1230 2764 exstitisse,

107 2785 166 2865 qui
181 2784 361 2847 clarissimi
382 2783 520 2846 artificis
540 2783 638 2862 graeci
659 2801 700 2846 ne
720 2800 843 2846 nomen
858 2785 997 2863 quidem
1015 2787 1177 2849 memoria
1194 2805 1231 2849 se

107 2883 289 2946 retinuisse
302 2881 495 2957 simulabat,
510 2882 611 2956 idem,
627 2881 802 2960 siquando
818 2884 860 2944 ad
874 2883 1040 2946 litteratos
1054 2884 1145 2947 cives
1158 2903 1233 2948 eru-

108 2983 248 3045 diendos
270 2981 462 3056 conscribit,
485 2998 669 3060 eorumque
688 2981 816 3061 judicio
838 2987 1012 3061 pergratus
1034 3001 1108 3046 esse
1128 2984 1230 3064 cupit,

108 3098 174 3142 non
200 3080 299 3141 modo
319 3081 445 3158 quanta
468 3078 511 3141 sit
536 3078 571 3139 in
594 3078 667 3158 ipso
690 3079 886 3158 alienigenae
908 3080 1068 3142 doctrinae
1091 3081 1232 3144 scientia
1271 3105 1292 3127 -.

108 3197 175 3240 non
192 3178 263 3256 jam
284 3176 391 3252 abdit,
416 3178 474 3239 sed
496 3177 598 3239 etiarn
618 3177 832 3256 disciplinam
852 3195 949 3239 suam
970 3179 1178 3258 praesefert
1200 3183 1232 3243 et

108 3295 197 3339 nunc
212 3275 383 3356 gloriatur.
396 3275 532 3338 Nemini
546 3275 688 3337 dubium
702 3278 763 3346 est,
778 3280 986 3358 3313111313
1001 3277 1231 3356 1111113331111133
1253 3278 1255 3282 ’

104 3378 164 3437 3111
181 3375 345 3436 rhetorica
361 3374 561 3447 revolventi,
578 3373 659 3452 quin
677 3373 801 3453 saepius
817 3375 851 3434 in
872 3374 1016 3454 hospitis
1034 3375 1144 3437 verbis
1159 3393 1232 3455 pro-

107 3473 253 3534 ferendis
276 3474 443 3533 ostentare
469 3471 550 3533 velit
572 3471 688 3533 Cicero
718 3489 895 3551 quousque
925 3472 1134 3551 cognitiones
1161 3491 1230 3534 snae

106 3570 374 3650 progrediantur.
396 3557 483 3631 Nan]
511 3571 622 3649 sperat
648 3587 683 3630 se
708 3569 818 3648 ipsum
846 3570 1028 3631 miraturos
1054 3587 1128 3631 esse
1153 3570 1232 3641 Oui-

107 3669 188 3730 rites
203 3667 292 3738 illos,
307 3667 365 3745 qui
380 3666 608 3729 doctrinarum
623 3667 884 3728 adventiciorum
899 3668 1011 3729 studia
1028 3685 1069 3729 ne
1086 3669 1231 3730 summis

107 3766 245 3844 quidem
265 3764 370 3826 labris
396 3764 639 3826 delibavcrunt.
669 3763 835 3826 Praeterea
857 3782 1003 3844 graecum
1026 3766 1231 3827 vocabulum

50 3854 57 3860 ’
109 3881 231 3925 novam
250 3862 362 3924 latinae
382 3862 474 3924 vocis
492 3862 770 3942 significationem
788 3862 841 3924 vel
861 3862 1004 3924 formam
1025 3864 1180 3942 explanat
1199 3864 1233 3926 et

109 3962 204 4042 qnasi
228 3961 385 4023 clientem
407 3962 567 4040 patronus
586 3961 708 4041 legenti
729 3961 951 4023 commendat.
974 3961 1008 4023 Si
1029 3962 1087 4040 qui
1108 3962 1231 4024 litteris

110 4060 226 4139 graecis
242 4059 452 4132 erudiuntur,
467 4077 507 4120 ex
522 4060 599 4119 noto
617 4059 801 4138 importatae
817 4058 975 4120 dictionis
991 4077 1093 4120 sensu
1109 4077 1230 4121 novam

110 4158 225 4237 patriae
247 4157 427 4218 locutionis
454 4157 609 4218 virtutem
632 4157 804 4236 colligunt.
832 4155 918 4217 Cum
943 4159 1054 4217 autem
1077 4157 1231 4237 pluribus
