2850 4800
432 968 434 970 Ι
498 882 680 959 sursum
702 881 860 944 curor.

195 1198 239 1242 DE
259 1160 453 1243 (iRlECORUM
474 1195 741 1241 PROVERBIORUM
761 1195 803 1240 ΕΤ
825 1194 1065 1241 PROLATIONUM
1086 1195 1164 1242 USU.
1234 1261 1237 1265 Ι

159 1615 237 1678 Non
252 1613 324 1693 J'am
337 1612 378 1673 de
393 1609 580 1672 diffidentia
595 1611 627 1672 et
642 1609 796 1672 cautione
812 1609 870 1671 illa
886 1609 1037 1673 dicemus
1052 1628 1136 1691 quas
1151 1612 1240 1693 apud

119 1712 275 1796 quemvis
289 1711 393 1772 alium
408 1709 601 1772 Romanum
616 1709 651 1770 in
667 1709 785 1771 eodem
799 1707 999 1771 difficillimo
1019 1727 1133 1773 rerum
1150 1712 1240 1773 statu

120 1826 293 1891 agnoscas,
309 1825 418 1888 neque
433 1808 522 1887 apud
536 1824 644 1868 unum
658 1805 703 1868 M.
719 1806 869 1869 Tullium
885 1808 1051 1888 reperias;
1068 1809 1128 1871 sed
1142 1826 1244 1889 quos-

119 1910 197 1971 dam
218 1906 324 1971 animi
343 1908 456 1968 motus
476 1904 649 1967 Ciceronis
671 1905 824 1985 proprios
842 1907 874 1968 et
888 1906 1074 1985 peculiares
1092 1907 1244 1986 explora·

119 2007 187 2069 turi
202 2023 333 2079 sumus,
348 2004 378 2066 si
394 2003 733 2065 animadverterimus
746 2020 820 2082 quae
835 2003 1051 2084 potissimum
1063 2005 1242 2084 proverbia

121 2105 172 2168 vel
188 2103 338 2166 carmina
353 2119 395 2164 ex
410 2101 516 2163 Ioniis
531 2100 695 2163 Atticisve
713 2100 778 2164 sibi
794 2105 937 2182 arroget.

133 2267 137 2271 ,
158 2188 394 2265 Nonnullis'in
414 2199 577 2280 epistolis
595 2216 704 2279 neque
724 2199 767 2261 iis
787 2198 1030 2279 frequentibus
1046 2201 1164 2282 adagia
1183 2201 1242 2264 illa

118 2301 232 2363 laudat
260 2317 335 2381 quae
364 2315 433 2360 non
462 2297 596 2378 ingenio
627 2298 732 2360 unius
759 2297 812 2360 vel
840 2299 945 2378 poetae
973 2299 1025 2361 vel
1051 2299 1243 2380 philosophi

120 2397 317 2478 excogitata,
339 2397 397 2458 sed
418 2413 459 2458 ex
477 2396 648 2458 communi
669 2395 822 2458 omnium
841 2395 933 2459 fonte
953 2397 1047 2476 lapsa
1067 2400 1244 2461 conterun-

119 2499 175 2558 tur
190 2497 356 2559 vetustate
372 2496 404 2557 et
424 2493 460 2554 in
481 2494 762 2556 consuetudinem
776 2495 1049 2575 pervulgatorum
1065 2496 1243 2558 effatorum

119 2594 272 2656 veniunt.
290 2592 372 2664 Quae
387 2595 507 2654 cuncta
523 2591 664 2654 minime
684 2593 817 2654 animos
835 2593 877 2654 ad
891 2593 1003 2654 laudis
1022 2609 1172 2656 amorem
1188 2612 1245 2657 ex-

119 2692 242 2756 tollunt
267 2692 324 2753 aut
352 2691 395 2752 ad
422 2689 604 2762 sublimem
629 2689 869 2752 excellentium
894 2690 1045 2753 virorum
1073 2691 1242 2754 insaniam

120 2790 294 2870 instigant,
315 2791 348 2851 at
367 2791 482 2850 contra
504 2804 782 2867 unumquemque
802 2788 966 2850 inducunt
986 2791 1023 2851 ut
1042 2790 1243 2869 cupiditates

118 2890 280 2962 coerceat,
302 2889 339 2950 ut
360 2887 566 2950 alacritatem
586 2885 744 2961 refrenet,
769 2889 804 2948 ul
827 2886 968 2949 nimiam
987 2887 1023 2949 in
1042 2887 1170 2968 agendo
1188 2887 1243 2950 vel

120 2988 155 3050 in
174 2986 394 3067 perdiscendo
415 2984 664 3047 contentionem
684 2986 846 3065 tanquam
866 3001 988 3047 vanam
1011 2988 1043 3048 et
1065 2986 1243 3048 ridiculam

119 3087 325 3166 compescat,
349 3086 387 3146 ut
409 3085 553 3163 denique
578 3100 648 3159 ωε,
671 3101 739 3145 non
763 3083 880 3159 verba,
897 3085 1139 3164 ‘prosequatur
1163 3085 1243 3147 Haec

119 3183 382 3265 prudentissime
402 3183 490 3244 dicta
510 3183 539 3243 si
559 3182 958 3271 saepius-auscultavisset
979 3185 1104 3257 noster,
1126 3201 1192 3245 non
1213 3183 1243 3245 is

120 3282 306 3345 exstitisset
326 3281 384 3361 qui
408 3281 611 3343 deridendus
632 3282 722 3341 esset
744 3280 923 3360 aliquando
946 3281 978 3342 et
1000 3281 1245 3360 reprebenden-

119 3382 183 3442 dus
201 3381 236 3441 in
255 3398 290 3442 re
305 3380 440 3459 publica
457 3380 628 3458 privatave
642 3378 918 3441 administranda.
933 3379 1065 3442 Atticus
1081 3396 1160 3441 vero
1174 3397 1241 3441 non

118 3479 197 3542 talis
216 3478 349 3559 ingenio
369 3479 401 3539 et
421 3477 573 3539 moribus
591 3476 846 3549 obversabatur,
862 3476 915 3537 cui
934 3476 1154 3538 consiliorum
1173 3495 1245 3538 rno-

118 3578 262 3640 destiam
278 3579 310 3639 et
329 3578 460 3638 cautam
474 3575 552 3636 vitae
568 3574 732 3636 rationem
747 3591 784 3636 ac
802 3573 890 3635 viam
905 3575 1133 3636 commendari
1149 3576 1245 3637 dece-

119 3678 179 3739 ret.
198 3673 335 3746 Quoties
351 3692 370 3735 a
385 3673 544 3735 Cicerone
563 3672 633 3734 haec
652 3672 828 3751 proverbia
848 3676 1167 3748 commemorantur,
1185 3676 1244 3735 aut

119 3792 138 3836 a
153 3773 296 3836 summis
313 3773 416 3835 labris
434 3772 555 3847 fluunt,
575 3789 641 3832 non
658 3771 784 3833 eximo
803 3773 935 3849 pectore
951 3775 1165 3851 promuntur,
1182 3776 1240 3835 aut

118 3874 153 3935 in
169 3872 312 3951 alicujus
328 3889 382 3934 res
398 3872 430 3932 et
445 3869 531 3932 iacta
543 3871 709 3948 aptantur,
723 3871 781 3932 aut
796 3870 837 3932 ab
853 3870 925 3949 ipso
941 3871 1102 3949 tanquam
1116 3872 1246 3934 detrec-

118 3970 220 4033 tanda
235 3971 454 4049 respuuntur.

122 4125 124 4129 ,
164 4065 248 4140 ’nica
259 4068 351 4148 δρυὲς,
366 4065 449 4127 satis
461 4081 605 4144 quercus
618 4083 625 4125 τ
638 4064 677 4126 de
691 4063 810 4144 priscis
824 4064 1031 4141 hominibus
1044 4065 1101 4144 qui
1116 4065 1242 4128 relictis
1270 4062 1272 4067 ’

118 4165 297 4248 glandibus
315 4163 469 4243 frugibus
485 4163 719 4225 vescebantur.
741 4162 867 4224 «Dices
884 4162 1024 4225 fortasse
1042 4182 1049 4224 ε
1068 4164 1243 4244 dignitatis
