2828 4808
151 1598 197 1662 H.
216 1597 418 1680 Stephanus,
441 1599 476 1662 in
505 1602 681 1662 Thesauro
707 1615 832 1675 praecoe
860 1590 1003 1675 teneura
1022 1617 1100 1663 oum
1129 1584 1235 1682 graeca

108 1714 180 1759 non
203 1697 332 1777 gallicis
352 1698 411 1760 sed
430 1697 545 1759 latinis
566 1696 680 1759 verbis
700 1697 986 1776 interpretaretur,
1003 1715 1234 1778 saepenumero

107 1793 309 1857 Ciceronem
329 1795 442 1875 ipsum
465 1810 570 1875 graeca
588 1793 703 1855 latinis
719 1794 977 1857 transferentem
997 1813 1236 1859 commemora-

107 1892 171 1968 vit,
189 1909 226 1954 ac
242 1909 415 1955 summum
431 1893 528 1954 illum
543 1891 720 1953 latinitatis
738 1893 919 1966 auctorem,
937 1892 996 1971 qui
1015 1895 1132 1973 graecis
1149 1894 1236 1958 litte·

108 1989 158 2052 ris
181 1991 434 2054 eruditissimus
458 1993 544 2066 erat,
572 1989 637 2052 sibi
664 1990 828 2053 adhibuit.
854 1991 1029 2053 Tullianos
1052 1992 1143 2054 locos
1169 1994 1235 2056 huc

108 2090 299 2168 spectantes
313 2106 332 2150 a
345 2089 454 2169 prima
467 2106 574 2168 usque
587 2087 628 2149 ad
641 2090 827 2151 extremam
843 2088 990 2151 litteram
1004 2089 1039 2151 in
1060 2094 1235 2154 Thesauro

107 2184 260 2266 protulit.
273 2186 353 2248 Haec
366 2188 427 2261 est,
442 2185 588 2266 exempli
602 2203 714 2262 eausa,
729 2186 880 2249 definitio
893 2188 1071 2250 nominum
1086 2191 1236 2274 φιλόσοφος

109 2288 141 2347 et
158 2287 238 2367 σοφία
251 2284 339 2365 apud
353 2285 396 2347 H.
414 2285 622 2365 Stephanum
640 2303 647 2347 :

153 2405 165 2437 1
189 2384 368 2468 Φιλόσοφος,
403 2400 521 2445 amans
549 2401 577 2445 s.
601 2385 762 2463 expetens
786 2384 1005 2464 sapientiam,
1032 2386 1172 2461 111010,
1195 2392 1235 2450 de

21 2536 26 2545 .
110 2481 220 2556 Ostia,
241 2481 272 2544 2.
296 2480 503 2562 Sapientiam
520 2482 579 2561 qui
598 2484 760 2562 expetunt
778 2483 881 2562 igitur
898 2486 1041 2566 φιλέσοφοι
1061 2485 1235 2547 nominan-

109 2580 183 2653 tur3
204 2595 264 2640 nec
285 2579 466 2659 quicquam
490 2580 583 2641 aliud
606 2583 656 2642 est
678 2582 838 2664 φιλοσοφία,
857 2581 886 2643 si
905 2576 1116 2661 interpretari
1138 2583 1235 2656 velia,

110 2692 212 2754 quam
235 2676 386 2738 studium
408 2677 593 2757 sapientiae.
611 2714 649 2722 —
669 2678 763 2740 Idem
783 2679 851 2740 Cic.
874 2680 964 2757 quod
980 2677 1075 2742 Plato
1096 2680 1177 2743 dicit
1197 2687 1237 2743 de

109 2778 208 2849 Rea,
222 2775 253 2850 5,
269 2774 384 2838 beatas
399 2775 470 2838 fore
486 2793 573 2856 resp.
590 2778 637 2839 ἐὰν
652 2778 677 2839 σί
694 2779 838 2861 φιλόσοφοι
852 2779 1066 2858 βασιλεύσωσιν,
1082 2783 1100 2856 ἢ
1114 2781 1139 2841 οἱ
1156 2783 1237 2860 βασι-

107 2873 173 2946 λεῖς
190 2872 237 2934 καὶ
257 2873 386 2935 δυνάσται
405 2875 616 2958 φιλοσοφήσωσι
635 2877 760 2955 γνησίοις
775 2898 806 2937 τε
824 2875 871 2937 καί
894 2876 1012 2956 ἱκανῶς,
1032 2877 1080 2939 καὶ
1100 2883 1181 2938 τοῦτο
1197 2877 1237 2952 εἰς
1306 2879 1309 2885 ’

106 2968 207 3030 ταύτὸν
221 2967 361 3053 ξυμπέσῃ,
377 2971 492 3050 δύναμίς
507 2995 538 3034 τε
558 2973 692 3049 πολιτικὴ
707 2974 754 3035 καί
777 2974 927 3056 φιλοσοφία
942 2973 990 3035 sic
1006 2973 1117 3048 vertit,
1134 2974 1163 3035 si
1179 2975 1237 3035 aut

107 3066 198 3129 docti
220 3069 251 3129 et
276 3068 445 3148 sapientes
469 3069 626 3132 homines
653 3087 711 3133 eas
738 3071 1067 3152 10301000001000111,
1093 3074 1149 3134 aut
1177 3071 1236 3151 qui

106 3166 259 3244 regerent
276 3181 375 3228 omne
395 3162 497 3229 suum
512 3167 664 3229 studium
683 3167 719 3229 in
741 3167 892 3230 doctrina
908 3172 941 3231 et
956 3168 1122 3248 sapientia
1138 3160 1238 3230 collo-

107 3265 241 3344 cassent
259 3281 266 3324 :
283 3263 370 3325 hanc
383 3265 655 3345 conjunctionem
676 3266 805 3329 scilicet
820 3268 996 3346 potestatis
1010 3285 1048 3330 ac
1064 3268 1237 3347 sapientiae

109 3358 212 3421 saluti
233 3360 428 3423 civitatibus
444 3380 518 3424 esse
535 3380 673 3442 posse...
695 3363 885 3425 Possumus
904 3363 1018 3444 igitur,
1040 3364 1236 3427 Ciceronem

109 3455 229 3531 secuti,
247 3459 398 3542 φιλόσοφος
413 3460 552 3522 reddere
572 3461 671 3522 modo
688 3461 747 3540 qui
768 3461 967 3541 sapientiam
984 3462 1120 3541 expetit,
1138 3462 1237 3523 modo
1304 3488 1307 3494 ·
1345 3481 1356 3490 ·

109 3553 284 3633 sapientia
298 3557 410 3618 studio
423 3557 569 3633 deditus
584 3559 683 3620 modo
697 3559 834 3638 sapiens
849 3561 881 3622 et
897 3560 1015 3621 doctus
1028 3577 1035 3620 :
1050 3559 1109 3638 qui
1123 3563 1237 3647 tamen

109 3653 142 3714 et
155 3651 273 3715 Graeca
288 3654 452 3716 vocabula
468 3655 680 3735 frequentius
696 3657 829 3730 retinet,
847 3660 930 3720 utet
945 3656 1003 3719 alii
1019 3674 1036 3719 e
1053 3656 1168 3720 latinis
1180 3641 1235 3730 ’.ἦ

149 3774 161 3806 ‹
189 3753 288 3834 Σοφία,
306 3752 483 3831 sapientia,
503 3752 585 3828 Cic,
602 3759 642 3816 de
662 3757 771 3831 Ostia,
788 3757 817 3817 5.
834 3754 1063 3834 Princepsque
1084 3744 1237 3816 omnium

108 3847 274 3911 virtutum
295 3853 346 3912 est
365 3851 424 3912 illa
445 3851 623 3931 sapientia,
643 3870 744 3932 quam
765 3856 859 3935 σοφίαν
879 3840 988 3915 Graeci
1005 3843 1142 3926 vocant3
1162 3844 1239 3932 pru-

108 3945 225 4008 dentia
240 3946 343 4023 enirn,
361 3965 464 4027 quam
481 3952 613 4032 φρόνησιν
628 3949 757 4024 dicunt,
776 3949 877 4011 aliam
895 3951 1065 4028 quandam
1081 3949 1239 4028 intelligi-

145 4149 173 4205 1.
196 4149 342 4218 Londini,
360 4151 443 4221 1822,
463 4153 595 4224 infolio,
609 4153 670 4211 vol.
687 4154 738 4221 IV,
758 4170 787 4227 p.
803 4154 884 4240 8534
