2828 4808
485 936 489 945 “
511 934 714 1014 QUINTUM
736 932 892 996 CAPUT.

265 1224 309 1268 DE
330 1221 459 1267 GRAECIS
480 1220 666 1266 VOCABULIS
688 1220 895 1265 SENTENTIAM
917 1221 1135 1266 TEGENTIBUS.

181 1609 353 1670 Hactenus
373 1607 412 1668 de
433 1606 477 1668 M.
494 1607 605 1669 Tullio
623 1607 773 1668 diximus
795 1622 919 1685 graecas
941 1617 1040 1666 voces
1061 1622 1126 1667 non
1142 1599 1190 1666 'ex
1213 1623 1268 1667 ne-

140 1706 295 1769 cessitate
312 1705 376 1769 sibi
393 1706 598 1778 assumente,
614 1706 657 1778 et,
672 1721 864 1783 quanquam
882 1721 936 1765 res
951 1703 1129 1764 familiaris
1146 1720 1269 1782 suppe-

138 1803 266 1866 ditabat
284 1820 328 1868 aes
344 1802 492 1864 alienum
505 1802 659 1877 faciente,
676 1802 838 1863 nonnullo
852 1802 988 1880 quidem
1008 1801 1124 1880 patriae
1140 1801 1266 1876 linguae

139 1901 262 1963 fructu.
286 1899 374 1961 Hinc
390 1901 461 1980 jam
484 1917 559 1961 cum
584 1904 640 1961 aut
663 1899 737 1960 utili
762 1901 820 1960 aut
842 1899 1031 1960 necessaria
1056 1915 1090 1960 re
1113 1900 1265 1977 cogatur,

140 2016 218 2061 eum
233 2000 443 2059 mutuantem
459 2015 648 2059 cernemus.
666 1996 751 2068 Quia
766 1999 879 2058 autem
895 2013 1004 2058 causae
1019 2013 1094 2074 quae
1109 1995 1209 2057 illum
1225 1995 1267 2056 ad

139 2113 297 2158 versuras
319 2094 490 2156 faciendas
512 2113 531 2155 a
552 2095 737 2175 peregrinis
760 2094 983 2174 impulerunt,
1005 2093 1057 2156 vel
1077 2093 1118 2154 ad
1139 2111 1266 2167 mores,

139 2194 303 2267 animum,
321 2193 425 2254 vitam
441 2193 621 2272 pertinent,
638 2193 692 2254 vel
707 2192 748 2253 ad
764 2209 878 2272 graecae
894 2192 1017 2271 linguae
1032 2191 1267 2270 praestantiam

141 2295 172 2354 et
192 2291 438 2364 excellentiam,
456 2291 542 2352 banc
560 2291 840 2371 quaestiunoulam
859 2289 1068 2352 excutientes
1085 2291 1268 2368 loquemur

140 2391 180 2452 de
195 2391 315 2452 intima
330 2390 374 2452 M.
392 2390 495 2451 Tullii
511 2392 631 2451 natura
648 2393 679 2452 et
695 2388 824 2464 indole,
841 2407 985 2451 necnon
1001 2389 1041 2450 de
1057 2389 1154 2468 graeci
1170 2388 1267 2450 illius

140 2480 307 2551 sermonis
324 2491 355 2551 et
370 2489 466 2550 latini
482 2489 630 2568 ingenio.

180 2586 371 2665 Aliquando
393 2586 477 2648 nihil
497 2587 589 2647 aliud
608 2586 720 2649 valent
738 2595 851 2666 graecae
869 2603 967 2648 voces
988 2586 1055 2647 nisi
1074 2587 1111 2648 ut
1131 2585 1267 2647 senten-

139 2685 222 2747 tiam
243 2686 422 2748 scribentis
443 2687 588 2765 quodam
613 2687 710 2747 modo
734 2686 856 2748 abdant
881 2687 912 2747 et
934 2703 1071 2748 sensum
1096 2684 1169 2763 ejus
1191 2701 1267 2763 ope-

141 2784 228 2846 riant
251 2803 258 2845 :
283 2787 367 2846 nutu
392 2783 481 2846 enim
508 2785 636 2846 minore
662 2787 693 2846 et
719 2783 963 2864 significatione
991 2783 1098 2862 magis
1120 2782 1267 2844 obscura

140 2899 253 2962 graecae
274 2882 437 2944 dictiones
459 2882 652 2962 opinionem
674 2883 822 2961 aliquam
842 2882 895 2943 vel
914 2882 1060 2961 aliquem
1080 2880 1194 2941 virum
1216 2880 1267 2941 in-

141 2981 250 3042 dicare
274 2983 418 3060 queunt,
444 2997 538 3055 oum,
559 2981 714 3042 versibus
737 2981 825 3041 notis
849 2979 1036 3042 alludentes
1059 2978 1266 3041 doctrinisve

140 3079 428 3158 pbilosophorum,
446 3095 498 3140 res
513 3080 544 3139 et
560 3079 715 3140 homines
732 3080 974 3140 demonstrent.
991 3076 1111 3139 Nuntii
1127 3094 1268 3157 praeser-

141 3177 213 3251 tim,
235 3176 359 3256 quibus
380 3177 508 3239 litteras
532 3177 671 3239 minime
690 3177 798 3240 fidens
820 3176 954 3238 mandat
976 3175 1104 3249 (licem,
1126 3174 1265 3254 plurimi

142 3279 237 3337 erant
258 3293 373 3355 graecae
398 3275 521 3355 linguae
541 3276 721 3336 admodum
745 3275 890 3354 imperiti
912 3298 918 3335 :
939 3273 1143 3336 sententiam
1163 3272 1266 3352 igitur

41 3426 43 3430 ,
141 3392 249 3448 suam,
271 3392 372 3454 quam
396 3377 538 3453 utroque
559 3391 713 3436 sermone
738 3374 925 3453 exprimere
946 3373 1070 3452 posset,
1087 3389 1153 3433 non
1178 3388 1266 3432 oom-

142 3473 252 3546 muni,
277 3474 335 3534 sed
360 3476 497 3535 externo
524 3472 671 3534 sermoni
697 3472 921 3545 committere,
950 3487 988 3532 ea
1015 3472 1084 3532 erat
1110 3468 1264 3532 Ciceroni

141 3572 251 3633 cautio
275 3590 341 3633 non
368 3573 514 3633 maxime
540 3588 676 3645 secura,
703 3573 849 3632 attamen
872 3570 1020 3650 prudens
1042 3571 1075 3630 et
1098 3570 1261 3647 prompta.

143 3697 154 3727 t
181 3671 245 3732 Die
268 3670 404 3732 Roemer
426 3670 580 3731 macbten
604 3670 723 3749 jedoch
749 3669 784 3730 in
805 3669 955 3748 privaten
979 3668 1047 3729 und
1072 3667 1263 3729 vertrauten

141 3769 416 3849 Mittbeilungen,
443 3769 497 3830 bei
523 3768 723 3829 Scherzrede
751 3767 830 3828 oder
854 3768 910 3839 da,
937 3783 991 3828 wo
1017 3782 1094 3826 man
1118 3781 1183 3826 von
1207 3764 1263 3825 der

141 3863 407 3925 einbeinrischen
437 3860 672 3924 Dienerschait
702 3861 793 3922 nicbt
823 3860 929 3938 gleich
960 3860 1162 3921 verstanden
1192 3857 1260 3920 sein

142 3962 266 4035 wollte,
292 3960 362 4040 siob
386 3961 444 4023 der
465 3960 694 4040 griechischen
718 3958 862 4038 Spraobe
882 3958 1004 4037 baeudg
1027 3957 1222 4019 bedienen¹.
1247 3978 1256 4009 ι

117 4192 119 4197 ·
177 4166 202 4221 1,
225 4166 335 4232 Klotz,
352 4167 418 4220 Lat.
436 4165 641 4238 stit.,p.137.
