2828 4808
639 337 778 404 „3-

141 510 143 514 ,
251 505 287 519 -
300 475 377 533 Cum
391 462 500 532 versus
513 472 620 544 facias,
636 471 665 531 te
677 463 781 547 ipsum
795 473 964 548 percontor,
980 477 1020 532 an
1037 477 1066 531 et
1079 489 1149 532 cum

168 569 171 575 '
252 563 338 618 Dura
351 561 407 617 tibi
421 552 594 634 peragenda
609 561 651 616 rei
666 561 706 616 sit
721 576 815 616 causa
829 559 941 617 Petili?

251 646 371 702 Scilicet
384 645 498 703 oblitus
512 645 620 718 patriae
634 646 802 718 patrisque,
818 645 914 701 latine

251 731 328 788 Cum
342 730 454 786 Pedius
466 745 579 809 causas·
589 731 717 786 exsudet
729 729 887 787 Publicola
902 734 994 802 atque

160 844 162 849 ·
251 815 412 882 Corvinus,
427 815 536 887 patriis
549 815 756 871 intermiscere
771 815 865 888 petita

250 900 350 956 Verba
364 899 439 955 foris
454 899 555 968 malis,
570 899 721 956 Canusini
736 914 819 956 more
833 899 982 973 bilinguis
993 900 1004 939 ¹
1014 889 1062 957 i'»

183 1094 227 1157 Μ.
251 1093 387 1158 Terenti
409 1094 573 1158 Varronis
594 1093 732 1175 quidem
747 1097 968 1158 Saturarum
990 1099 1270 1170 medicocorum

142 1192 292 1273 reliquiae
307 1192 423 1273 graecis
439 1192 551 1255 verbis
566 1193 756 1268 abundant3
774 1192 956 1272 exquibus
975 1211 982 1254 :

154 1399 158 1407 .
184 1373 196 1405 «
221 1350 374 1433 ὑπέρόιιτον
389 1366 430 1412 ne
445 1349 561 1424 dares;
578 1365 620 1411 ne
633 1347 808 1428 polliceres
823 1349 913 1429 quod
928 1349 1043 1412 datum
1059 1348 1142 1412 eser.

78 1476 81 1483 .
181 1450 291 1531 τρόπων
305 1450 423 1530 τρόπους
438 1446 496 1526 qui
512 1463 580 1509 non
595 1447 694 1509 modo
709 1447 883 1526 ignorasse
899 1463 954 1529 me

222 1545 363 1622 Clamat,
380 1546 440 1609 sed
454 1545 593 1608 omnino
608 1561 726 1607 omnes
742 1545 863 1609 heroas
878 1546 977 1625 negat

222 1643 412 1707 descisset

99 1753 102 1757 '
141 1728 143 1733 ’
180 1750 260 1813 Ideo
275 1750 354 1831 fuga
367 1751 517 1814 hostium
533 1767 637 1832 graece
650 1752 789 1814 vocatur
802 1755 910 1834 τροπή,
926 1750 1004 1813 binc
1019 1751 1127 1831 spolia
1142 1751 1212 1814 fixa
1229 1753 1270 1814 in

143 1848 320 1930 stipitibus
330 1849 540 1930 appellantur
553 1853 677 1933 τροπαῖα
689 1848 711 1911 ⁴.
812 1874 817 1882 ·

181 1960 363 2040 Καπάχρηπις
378 1959 429 2020 est
443 1957 534 2019 enim
549 1959 685 2018 rera⁵...

178 2065 256 2128 Non
271 2063 434 2127 Hercules
448 2063 569 2145 potest,
585 2063 737 2144 quicum
753 2062 871 2144 nugiae
887 2063 1012 2144 egisset

221 2166 283 2225 nie
302 2164 388 2225 ον’...

179 2186 299 2331 1101]οξ
314 2269 502 2350 exsequiati
517 2271 646 2333 stantes
661 2270 703 2332 ad
721 2269 914 2350 sepulcrum
929 2269 1068 2350 antiquo
1085 2287 1178 2333 more
1194 2270 1271 2334 sili-

52 2426 57 2453 .
141 2367 294 2431 carnium
314 2367 534 2445 confecimus,
555 2368 589 2430 id
608 2371 658 2430 est
674 2369 858 2450 περίδειπνον,
875 2385 941 2448 quo
958 2368 1073 2448 pransi
1089 2367 1271 2433 disceden-

140 2467 191 2529 tes
207 2466 352 2528 dicimus
368 2465 455 2529 alius
468 2466 526 2528 alii
542 2485 549 2528 :
568 2466 672 2530 vale⁷.

181 2572 307 2635 Omnes
325 2573 484 2637 >videmur
505 2574 603 2637 nobis
625 2591 712 2649 esse,
734 2573 827 2650 belli,
853 2573 977 2650 festivi,
1003 2574 1163 2655 saperdae,
1187 2591 1271 2638 cum

141 2671 251 2734 simus
267 2674 367 2756 σαπροί
377 2674 400 2735 ⁸.

180 2779 325 2841 Bellaria
339 2797 378 2842 ea
399 2766 546 2844 maxime
567 2782 647 2843 sunt
667 2780 797 2844 mellita
815 2797 883 2843 non
902 2781 994 2855 sunt,
1015 2784 1156 2860 πέμμασιν
1173 2781 1270 2844 enirn

140 2880 192 2941 est
207 2895 283 2940 cum
298 2882 379 2958 πέψει
393 2879 537 2943 societas
553 2880 656 2942 infida
666 2878 690 2941 ⁹.

180 2985 219 3046 In
235 2985 389 3047 convivio
408 2986 473 3066 legi
493 3004 553 3049 neo
573 2986 688 3048 omnia
703 2984 826 3048 debent
845 2987 877 3048 et
896 3002 934 3048 ea
950 2985 1167 3066 potissImum
1190 3005 1269 3067 quae

141 3082 244 3145 simul
259 3083 328 3145 sint
344 3085 473 3167 βιωφελῆ
488 3086 522 3146 et
536 3083 701 3146 delectent
715 3083 828 3163 potius
837 3085 873 3146 ¹⁰.

181 3189 216 3252 Si
231 3189 308 3270 quis
324 3191 464 3269 μελωδεῖν
480 3193 531 3253 est
545 3191 607 3264 tue,
621 3193 712 3272 λύρας

220 3288 435 3368 Praesepibus
450 3305 485 3351 se
500 3289 643 3352 retineat
659 3288 851 3351 forensibus
861 3291 896 3351 ¹¹.

181 3396 312 3458 Aridus
323 3396 429 3476 judex
442 3413 537 3457 reum
553 3396 696 3459 ducebat
711 3413 784 3458 esse
798 3398 889 3458 actito
911 3395 1017 3479 Ἑρμῆν
1026 3399 1062 3460 ¹2.
1084 3421 1095 3454 ν

183 3536 195 3568 ι
222 3511 320 3574 Seine
334 3512 477 3574 Saturae
489 3515 683 3585 Menippea
697 3511 812 3574 hatten
828 3512 1035 3592 griechisohe
1052 3513 1272 3578 Uberschrif·

141 3611 210 3686 ten,
224 3609 291 3672 wie
304 3609 329 3671 l.
344 3609 551 3690 Aborigenes
563 3611 626 3692 περὶ
642 3610 793 3692 ἀνθρώπων
807 3613 925 3694 φύσεως.
938 3610 1031 3673 VIII.
1049 3612 1269 3693 ἀνθρωπόπολις

140 3708 203 3790 περὶ
217 3709 413 3789 γενεθλιαπῆς.
430 3706 507 3769 XII.
524 3706 708 3787 Caprinum
722 3707 876 3788 praelium
894 3709 957 3791 περὶ
977 3710 1091 3788 ἡδονῆς.
1109 3709 1187 3772 XV.
1206 3708 1271 3775 Co·

176 3955 202 4010 1.
224 3954 310 4021 Hor,
331 3956 389 4010 Ed.
406 3955 544 4009 Moteller
558 3952 732 4026 (Teubner),
749 3952 824 4019 Sat,
840 3953 863 4021 1,
880 3955 918 4022 X,
936 3955 981 4012 20.
998 3985 1033 3996 —
1051 3956 1078 4011 2.
1095 3959 1154 4013 Ed.
1171 3957 1270 4016 Riese

142 4038 316 4112 (Teubner),
331 4039 393 4106 101,
409 4039 436 4095 2.
448 4069 483 4080 —
493 4038 521 4096 3.
538 4039 600 4106 106,
614 4039 641 4095 1.
653 4068 688 4081 -
699 4039 726 4095 1.
741 4039 803 4106 106,
817 4040 844 4096 6.
861 4070 894 4081 -
906 4041 933 4098 5.
949 4041 1010 4108 106,
1026 4041 1054 4097 8.
1069 4071 1102 4084 -
1115 4043 1142 4098 6.
1158 4044 1221 4111 107,
1237 4045 1267 4102 6.

141 4153 177 4253 Ξ
190 4125 226 4268 12
234 4124 305 4271 1ἓ18ὲ
312 4123 390 4267 1ὸ-
402 4124 430 4182 8.
445 4124 509 4202 169,
524 4123 570 4181 10.
584 4153 620 4200 ··.
632 4123 660 4180 9.
676 4123 739 4193 176,
754 4123 781 4181 8.
796 4125 889 4183 -10.
905 4125 967 4192 176,
982 4126 1026 4182 19.
1043 4127 1137 4184 -11.
1153 4127 1265 4207 1796.

229 4251 235 4266 .
306 4252 315 4281 ,
350 4250 357 4265 .
405 4246 408 4251 -
