2828 4808
632 333 792 394 ..43-

189 466 322 538 Quanta
340 468 371 529 et
389 483 492 546 quam
505 466 599 546 justa
616 465 808 546 suspicione
827 465 943 528 Cicero
964 481 1080 527 servos
1097 482 1116 525 a
1131 464 1274 544 pedibus
1325 479 1328 484 ’

140 565 417 645 persequeretur,
435 581 476 627 ex
493 563 699 644 quibusdam
715 563 933 644 epistolarum
947 563 1030 625 locis
1046 563 1163 642 liquet.
1179 563 1275 626 Post-

141 680 249 742 quam
268 663 463 742 Pompeius,
480 661 648 726 Caesarem
664 661 900 736 reformidans
916 662 1051 725 Italiam
1068 651 1272 745 deseruerat,

142 760 263 823 Cicero
278 778 411 840 quoque
424 760 604 824 consilium
615 761 760 825 exeundi
776 778 817 823 ex
830 760 927 822 Italia
943 760 1055 834 inivit,
1066 760 1124 841 qui
1141 760 1274 823 absces-

143 877 208 922 sus
228 859 374 922 maxime
397 861 467 922 erat
486 859 649 921 lubricus.
668 857 785 922 Cumis
805 861 918 922 autem
942 858 1149 922 retinebatur
1170 859 1274 921 maris

144 956 462 1036 tranquillitatibus,
482 956 572 1037 quod
587 957 679 1020 venti
697 956 814 1020 multis
828 957 899 1038 jam
915 957 1035 1019 diebus
1051 975 1116 1020 non
1135 957 1275 1038 permis-

145 1054 277 1117 cebant.
299 1054 350 1117 Ibi
366 1057 479 1118 autem
494 1073 571 1117 eum
588 1072 665 1118 eum
682 1055 890 1119 custodirent
905 1054 1089 1118 Caesariani
1105 1073 1224 1118 omnes
1241 1056 1273 1118 et

145 1155 220 1216 acta
234 1153 308 1234 ejus
323 1154 375 1216 vel
391 1154 479 1216 diota
494 1153 668 1228 referrent,
686 1153 757 1217 hacc
772 1154 814 1215 ad
828 1154 978 1216 Atticum
994 1155 1131 1216 mandat
1147 1173 1162 1215 :¹

192 1275 203 1306 ι
230 1251 418 1313 Consilium
434 1253 588 1315 nostrum
604 1269 702 1331 spero
718 1268 864 1313 vacuum
878 1251 1025 1332 periculo
1042 1252 1124 1314 tore.
1138 1252 1226 1314 Nam
1242 1253 1274 1312 et

147 1350 453 1424 dissimulabimus
477 1353 520 1425 et,
546 1353 584 1415 ut
606 1351 737 1431 opinor,
763 1352 924 1415 acerrime
948 1351 1230 1415 asservabimur¹.
1260 1374 1271 1407 ι

147 1449 272 1510 Paucis
300 1450 375 1527 post
401 1449 539 1524 diebus,
569 1471 580 1505 ι
612 1467 665 1511 me
696 1449 846 1513 mirificae
874 1450 1136 1529 tranquillitates
1163 1448 1272 1510 adhuc

148 1548 342 1621 tenuerunt,
359 1548 458 1626 atque
481 1546 599 1626 maJ‘ori
624 1547 865 1628 impedimento
886 1547 1023 1611 luerunt
1043 1564 1144 1627 quam
1165 1549 1275 1608 custo-

149 1644 225 1718 diae,
251 1644 376 1723 quibus
400 1662 592 1708 asservor...
615 1645 703 1708 Nam
729 1645 787 1709 illa
811 1647 1017 1718 Hortensina
1036 1646 1154 1708 'omnia
1180 1645 1273 1708 luere
1302 1672 1310 1689 κ

148 1741 303 1804 infantia.
324 1743 376 1805 Ita
390 1743 446 1805 fiet
464 1761 471 1804 :
489 1743 589 1806 homo
605 1743 837 1822 nequissimus
854 1762 872 1806 a
891 1744 1003 1807 Salvio
1024 1745 1144 1806 liberto
1160 1744 1274 1823 depra-

148 1843 248 1902 vatus
270 1843 330 1902 est.
353 1841 471 1920 ltaque
490 1842 627 1922 posthac
648 1860 715 1905 non
737 1842 882 1905 scribam
903 1843 943 1904 ad
964 1844 996 1904 te
1017 1842 1099 1921 quid
1122 1841 1273 1902 tacturus

148 1938 227 2016 sim,
245 1940 303 2000 sed
324 1939 406 2018 quid
427 1939 575 2002 fecerim.
593 1939 721 2002 Omnes
736 1941 826 2004 enim
847 1946 1006 2024 Κωρυκαῖοι
1022 1940 1181 2002 uidentur
1196 1939 1274 2009 sub·
1307 1971 1316 1986 ·

149 2037 340 2099 auscultare
355 2055 430 2116 quae
445 2037 594 2118 loqu0r2.
614 2062 625 2094 ν
641 2038 705 2110 Qui
721 2037 870 2119 Coryoaei
885 2040 1003 2119 piratis
1016 2038 1171 2100 finitimis
1187 2038 1271 2099 olam

149 2134 362 2210 indicabant,
388 2136 526 2215 quinam
553 2139 756 2200 mercatores
780 2137 948 2216 Corycum
973 2136 1164 2208 venissent,
1191 2134 1273 2214 quid

150 2233 321 2306 veherent,
333 2251 401 2312 quo
415 2252 551 2296 cursum
565 2236 693 2297 darent.
706 2235 812 2314 Igitur
823 2252 1054 2315 quascumque
1070 2235 1111 2296 ad
1122 2233 1272 2295 Atticum

149 2330 266 2394 Cicero
289 2332 491 2413 scripsisset,
515 2335 635 2396 harum
656 2352 769 2396 rerum
789 2335 948 2397 certiores
969 2334 1094 2396 fiebant
1116 2332 1272 2394 custodes

147 2430 199 2491 illi
213 2447 299 2508 quos
312 2429 477 2510 significat
490 2431 544 2492 hio
556 2433 681 2493 noster.
692 2432 808 2511 ltaque
820 2449 897 2494 oum
909 2431 1160 2493 tabellariorum
1170 2430 1273 2491 fidem

148 2528 304 2590 fallacem
336 2546 410 2590 esse
441 2529 680 2609 suspicaretur,
711 2548 814 2610 graece
844 2531 1040 2610 aliquoties,
1070 2546 1138 2591 non
1170 2527 1273 2590 latine

147 2625 363 2705 loquebatur,
384 2627 455 2688 sive
484 2627 634 2689 inimicis
652 2629 961 2707 ,ἀντιπολιτευομένοις,
984 2628 1054 2689 sive
1077 2626 1175 2689 uxori
1198 2643 1273 2687 ava-

149 2721 296 2786 rissimae
320 2724 484 2787 Terentiae
504 2727 536 2787 et
561 2725 633 2806 ejus
658 2725 778 2788 liberto
800 2726 983 2788 Philotimo
1010 2724 1194 2787 diffidebat.
1222 2723 1272 2785 De

149 2822 276 2901 quibus
296 2825 414 2903 quarta
430 2825 461 2885 et
481 2823 598 2903 quinta
613 2824 700 2886 sexti
720 2825 798 2886 libri
815 2824 983 2905 espistolae
998 2824 1168 2887 extraneis
1184 2823 1274 2884 locu-

148 2921 312 2994 tionibus
330 2938 390 2983 nec
404 2921 576 2996 brevibus,
592 2925 784 2985 exarantur.

192 3043 204 3076 ι
231 3019 320 3081 illud
342 3022 502 3099 praeterea
526 3025 729 3104 μυστικώτερον
754 3022 794 3083 ad
818 3023 847 3083 te
873 3021 1035 3096 scribam,
1058 3023 1095 3083 tu
1120 3020 1273 3100 sagacius

149 3117 332 3180 odorabere
350 3137 357 3178 :
378 3126 429 3195 τῆς
452 3120 595 3200 δάμαρτός
617 3142 662 3198 μοι
683 3121 696 3181 ὃ
717 3121 904 3202 ἀπελεύθερος
926 3155 964 3163 -
983 3118 1066 3182 οἶσθα
1086 3123 1116 3181 ἓν
1134 3121 1214 3199 λέγω
1234 3153 1273 3162 -

149 3215 230 3292 ἔδοξέ
251 3240 296 3295 μοι
319 3219 427 3298 πρώην,
449 3215 480 3292 ἐξ
499 3215 536 3278 ὧν
558 3218 763 3297 ἀλονευέρενος
787 3223 993 3301 παρερθέγγετο
1015 3211 1198 3301 περυροινιένοιι
1222 3221 1274 3294 τὰς

148 3321 257 3396 ψήφους
276 3317 378 3392 ἐνιπῆς
398 3317 471 3392 ὠνῆς
491 3323 545 3378 τῶν
567 3318 749 3398 ὑπορχὲντων
767 3324 813 3379 τοῦ
834 3321 1028 3400 Κροτωνιάτου
1046 3321 1271 3398 τυραννοντίνου.

149 3415 269 3477 Δέδοικε
284 3415 330 3491 δὴ,
348 3417 414 3492 μήτι
428 3418 543 3497 νοήσῃς.
560 3415 611 3488 Εἰς
626 3416 713 3490 δήπου
732 3423 813 3477 τοῦτο
835 3418 868 3492 al,
883 3419 1121 3498 περισκεψάμενος
1136 3418 1172 3476 τὰ
1185 3405 1273 3478 λοιπὰ1

149 3512 342 3593 &Sceptiana
369 3511 445 3572 Non
470 3530 556 3591 queo
578 3515 721 3586 tantum,
744 3515 907 3593 quantum
934 3531 1050 3575 vereor
1072 3515 1229 3576 scribere.
1258 3538 1269 3570 a
1365 3584 1367 3588 Α

148 3610 268 3699 Latine
284 3612 396 3671 autem
415 3628 422 3670 :
439 3610 564 3672 Uxoris
579 3628 662 3673 meae
677 3612 818 3674 libertus
833 3649 872 3656 —
887 3612 975 3674 nosti
991 3630 1092 3691 quem
1108 3613 1217 3675 dicam
1233 3647 1273 3658 —

148 3709 245 3769 visus
268 3708 319 3769 est
341 3708 424 3769 mihi
445 3708 573 3770 dudum
593 3726 634 3770 ex
656 3708 699 3770 iis
719 3727 793 3788 quac
815 3710 1060 3774 inconsiderate
1086 3709 1269 3786 effutiebat,

148 3807 367 3869 conturbasse
381 3807 528 3869 rationes
541 3824 583 3868 ex
596 3807 765 3887 emptione
777 3809 944 3871 bonorum
959 3809 1179 3888 tyrannicidae
1192 3809 1270 3871 Cro-

148 3905 285 3968 toniatae
302 3904 452 3984 (Milonis
467 3905 525 3984 qui
539 3904 694 3967 Clodium
710 3906 876 3969 interiecit
892 3911 924 3969 et
938 3924 1039 3985 quem
1055 3925 1132 3969 cum
1148 3908 1189 3970 ob
1206 3908 1269 3970 sor·

185 4125 211 4181 1.
232 4126 280 4178 Ad
299 4125 371 4188 Ata,
392 4122 430 4188 X,
450 4123 494 4189 16,
514 4123 541 4190 2,
563 4138 599 4178 ex
618 4124 829 4180 emendatione
844 4125 960 4182 Orellii.
977 4158 1011 4165 -
1029 4126 1056 4182 2.
1074 4126 1164 4193 ibid,
1181 4127 1219 4195 X,
1235 4125 1270 4181 17

149 4213 208 4287 (ed.
224 4213 322 4277 Boot,
339 4207 426 4280 not).
