2828 4808
529 893 732 958 TERTIUM
753 893 911 956 CAPUT.

282 1195 327 1245 DE
348 1195 460 1240 GRAEGI
480 1194 648 1241 SERMONIS
669 1195 826 1240 TULLIANI
846 1194 1147 1241 PROPRIETATIBUS.

195 1604 292 1676 Quod
313 1621 421 1685 genus
441 1622 547 1685 graece
572 1604 705 1666 dicendi
724 1603 899 1684 proprium
921 1604 964 1666 sit
988 1604 1161 1667 Ciceronis
1182 1605 1285 1685 plane

154 1722 321 1785 exponere
343 1706 485 1766 conatus
504 1705 555 1766 est
576 1703 746 1766 Rudolfus
769 1703 995 1779 Boltzentbal‚
1016 1704 1116 1784 'eujus
1131 1704 1287 1768 animad-

154 1803 330 1866 versiones
347 1802 396 1865 sic
411 1801 559 1864 breviter
573 1802 806 1864 contrahimus
820 1796 842 1863 ¹.

193 1900 417 1963 Communem
439 1917 514 1963 esse
534 1898 752 1980 epistolarum
772 1899 1052 1963 consuetudinem
1072 1902 1286 1980 compertum

154 2001 216 2072 est,
236 2002 272 2062 ut
293 2014 447 2063 sermone
468 1997 636 2061 cotidiano
658 1999 766 2077 magis
785 2000 921 2060 utamur
939 2015 1041 2078 quam
1061 1998 1096 2060 in
1117 1999 1182 2061 alio
1200 2016 1287 2079 quo-

155 2114 220 2176 que
233 2097 331 2173 libro,
344 2099 377 2160 et
387 2114 444 2159 eas
457 2094 636 2158 cotidianis
650 2096 825 2159 vocabulis
836 2098 948 2160 texere
963 2097 1143 2161 soleamus.
1157 2096 1287 2169 Quam-

153 2196 280 2271 obrem,
301 2199 339 2259 ut
357 2195 454 2259 latini
473 2195 641 2258 sermonis
657 2196 692 2257 in
711 2195 833 2258 litteris
850 2196 964 2259 multae
984 2195 1148 2259 dictiones
1165 2197 1286 2278 legun-

150 2297 216 2370 tur,
233 2295 391 2375 aquibus
406 2292 452 2356 M.
468 2293 602 2356 Tullius
618 2294 698 2356 alibi
714 2293 905 2370 declinavit,
922 2295 969 2356 ita
984 2295 1082 2375 graeoi
1098 2295 1285 2359 nonnullas

150 2393 274 2473 delegit
293 2395 326 2456 et
347 2393 473 2473 recepit
493 2409 569 2455 non
584 2393 731 2474 poeticas
753 2392 876 2468 solum,
897 2393 1077 2473 sedetiam
1097 2393 1284 2474 aliquando

151 2491 300 2554 maxime
315 2491 412 2554 tritas
428 2492 486 2553 aut
501 2491 639 2553 omnino
655 2491 836 2554 inusitatas
851 2508 888 2553 ec
903 2508 1009 2554 novas
1020 2492 1043 2554 ².
1176 2503 1178 2508 ’

190 2590 283 2652 Inter
308 2589 495 2652 locutiones
520 2607 563 2652 ex
591 2589 782 2652 notissimis
806 2588 959 2653 Ciceroni
986 2590 1195 2653 carminibus
1224 2609 1283 2654 ex-

152 2690 299 2767 cerptas,
325 2704 501 2767 nunquam
529 2689 643 2750 autem
671 2688 725 2750 vel
754 2689 868 2761 antea,
895 2688 950 2750 vel
974 2689 1107 2768 postea,
1135 2689 1282 2753 orationi

150 2786 268 2849 solutae
293 2785 467 2848 adhibitas
482 2821 523 2830 -
540 2803 615 2865 quae
637 2787 775 2866 quidem
794 2803 902 2866 usque
919 2787 960 2848 ad
977 2788 1109 2866 aetatem
1126 2789 1280 2852 nostram

149 2883 235 2947 forte
250 2884 519 2965 pervenerint-
535 2882 718 2948 referendae
734 2887 813 2947 sunt
828 2902 875 2948 eae
893 2903 900 2946 :

50 2978 54 2984 ’
193 2980 368 3062 Ἐπίκωπος,
385 2982 482 3046 navis
497 3000 572 3062 quae
587 2984 691 3045 remis
707 2983 845 3063 agitur³.

195 3079 378 3162 Ἐνδόμυχον,
396 3079 558 3143 areanum
572 3081 614 3143 de
626 3098 662 3143 re
676 3081 860 3144 domestica
870 3079 895 3144 ⁴.
925 3126 930 3146 -,
980 3124 985 3135 .

115 3211 117 3216 ·
189 3178 512 3261 Euroiapofficonjuffi.

190 3280 435 3359 Antiquitatem
451 3280 603 3344 redolere
618 3280 727 3344 eidem
744 3283 872 3345 auctori
888 3283 1047 3345 videntur
1059 3300 1159 3346 voces
1176 3301 1183 3344 :

193 3382 305 3460 Δάμαρ,
322 3380 435 3441 1111016.

190 3481 299 3559 Λέσχη,
317 3475 576 3540 confabulatim.

184 3656 211 3710 1.
233 3657 275 3710 De
301 3655 404 3711 Graeci
421 3653 580 3710 sermonis
596 3654 858 3724 proprietatibus,
877 3671 948 3724 quea
966 3655 1002 3711 in
1020 3655 1182 3713 Ciceronis
1202 3659 1283 3727 epis-

150 3738 222 3796 tolis
253 3737 479 3795 inveniuntur.
510 3738 639 3811 Scripsit
666 3740 719 3794 Dr.
747 3739 900 3795 Rudolfus
928 3741 1114 3797 Boiaenthal.
1144 3741 1280 3810 (histrio,

184 3910 211 3965 2.
233 3910 267 3964 L.
286 3911 319 3977 l.,
336 3925 366 3981 p.
383 3908 503 3965 3.-3.
520 3909 710 3977 AuAtr.‚v,
727 3909 1232 3982 11,1.-1.Ι1νὶᾶ.,11,11,3;21,
1249 3913 1278 3970 1.

150 4025 184 4034 —·
203 3994 230 4051 5.
248 3994 337 4060 Ibid.‚
350 3993 407 4063 ·VI‚
423 3994 450 4063 5,
466 3995 492 4049 1.
512 3994 556 4049 De
577 3994 736 4066 βατταρῐζειν,
753 3994 789 4049 de
803 3994 974 4067 γλυκύπικρος,
990 3997 1027 4052 de
1044 3997 1193 4069 λαλαγεΰσα,
1208 3997 1280 4054 vide

150 4078 301 4145 eumdem,
319 4095 349 4152 p.
366 4078 393 4135 3.
410 4109 444 4117 -
464 4079 490 4135 6.
509 4080 557 4133 Ad
577 4081 649 4145 Aca,
665 4079 716 4145 VI,
739 4080 765 4145 4,
786 4078 814 4134 3.
833 4110 868 4119 -
881 4081 908 4134 7.
931 4079 1020 4146 Ibid.‚
1043 4081 1111 4150 XII,
1131 4082 1158 4151 1,
1179 4083 1207 4139 2.
1230 4083 1278 4141 De

150 4163 254 4220 verbis
268 4162 378 4236 ἀρήγειν,
393 4163 481 4218 ὀπαδοί
496 4165 525 4218 ct
539 4166 652 4236 νεμεσᾶν,
667 4164 737 4220 vide
752 4163 902 4232 eumdem,
918 4181 947 4237 p.
963 4165 989 4220 4.
