2828 4808
681 317 840 378 ‚41-

244 448 419 528 Ἐπιδήμιιν,
436 449 677 530 contagiosum.
698 473 709 504 ι
732 448 855 530 Siquid
870 448 972 511 habet
991 448 1086 510 collis
1107 449 1263 527 ἐπιδήμιον,
1281 448 1323 509 ad

198 566 252 610 me
268 565 345 610 oum
360 548 541 610 Tisameno
556 547 833 611 transferanrus1.
855 571 867 603 »
1080 621 1084 628 Ι
1107 546 1118 558 ”

238 651 346 728 Λέσχη,
371 645 608 709 confabulatio,
635 671 647 703 ι
674 647 735 708 Est
758 645 1091 726 prolecto'quiddam
1116 646 1221 726 λέσχη,
1247 661 1321 723 qnae

197 744 311 816 hahet,
326 744 469 806 etiamsi
484 743 570 805 nihil
588 743 714 819 subest,
735 744 954 806 collocutione
969 742 1044 822 ipsa
1057 743 1288 805 suavitateml.
1307 767 1318 799 ι

239 842 378 922 Aliquot
402 842 504 922 igilur
527 842 620 904 vitiis
644 843 807 922 exceptio,
832 841 918 904 levis
942 842 1013 904 haec
1039 841 1172 903 insania
1198 859 1322 921 graecas

198 959 279 1021 opes
304 941 550 1004 inconsiderate
577 941 763 1022 usurpandi
788 943 931 1021 quantas
954 942 1097 1002 virtutes
1124 941 1246 1003 habeat
1273 940 1322 1002 sic

197 1040 318 1120 collige
340 1058 347 1100 :
368 1039 483 1101 Primo
502 1024 656 1114 verbum,
678 1040 768 1120 quod
789 1039 952 1102 usitatum
973 1039 1173 1118 contempsit
1194 1038 1321 1113 Cicero

197 1156 268 1200 non
290 1138 365 1199 ideo
388 1155 429 1200 ex
450 1155 514 1199 usu
537 1139 635 1201 cadit.
658 1137 694 1200 Si
716 1138 797 1218 quid
819 1138 903 1200 forte
922 1138 976 1200 vel
996 1137 1155 1210 vividius
1177 1138 1229 1199 vel
1249 1138 1325 1199 bre-

196 1236 288 1309 vius,
305 1235 358 1297 vel
369 1236 585 1313 concinnius,
602 1236 637 1298 in
652 1253 757 1316 graeoo
772 1237 872 1310 inest,
888 1236 1053 1315 cupiditas
1068 1238 1100 1297 et
1115 1234 1322 1297 desiderium

197 1333 386 1414 corripiunt
405 1334 560 1407 Latinos3
579 1352 645 1413 quo
668 1352 747 1396 mox
766 1334 932 1396 facturum
953 1335 1004 1396 est
1024 1335 1060 1394 ut
1080 1333 1164 1407 vim,
1179 1329 1342 1396 brevita-¹
1405 1323 1408 1330 ’

118 1482 121 1487 .
196 1434 278 1507 tem,
298 1433 559 1495 concinnitatem
580 1433 656 1495 illas
671 1433 851 1496 Graiorum
868 1434 1093 1511 assequantur
1112 1431 1268 1493 Romani.
1286 1431 1324 1493 Si

197 1549 277 1592 vero
293 1531 439 1609 quodam
455 1532 542 1593 dioto
559 1533 648 1594 earet
667 1532 773 1612 patria
790 1532 916 1611 lingua„
933 1530 1022 1609 quod
1037 1530 1171 1610 gignere
1187 1529 1239 1590 vel
1255 1530 1324 1608 pla-

191 1646 282 1690 num
301 1629 354 1690 vel
373 1629 516 1690 arduum
534 1631 600 1704 est,
620 1647 687 1691 non
704 1629 842 1709 quidem
863 1646 936 1690 earn
958 1628 1021 1691 hoo
1038 1627 1200 1689 beneficio
1219 1619 1325 1688 donat

196 1727 328 1800 Cicero
341 1728 374 1788 at
389 1728 476 1789 oerte
492 1727 624 1790 civibus
639 1728 712 1789 suis
727 1728 934 1789 voluntatem
949 1725 1102 1788 immittit
1118 1725 1222 1786 rimas
1238 1725 1322 1786 istas

197 1824 416 1899 obstruendi3
432 1825 514 1904 quin
532 1826 633 1888 etiam
650 1825 820 1905 exemplar
835 1843 978 1905 gracum
995 1825 1150 1893 ostentat
1168 1824 1265 1902 cujus
1280 1823 1321 1884 ad

196 1922 382 2002 imag-inem
409 1940 496 1985 nova
521 1923 623 1986 dictio
647 1923 895 1985 informabitur.
921 1922 1085 2002 Expleant
1110 1921 1167 1982 alii
1194 1919 1323 1982 deside-

196 2022 301 2095 rium,
324 2024 438 2083 noster
456 2021 593 2101 quidem
613 2021 733 2102 injicit.

233 2228 262 2282 1.
286 2225 448 2294 lbid.‚XII‚
460 2227 503 2282 10.
520 2227 565 2283 Cf.
588 2229 699 2297 Vocet,
718 2185 866 2294 Valeria,
877 2226 904 2295 l,
918 2226 962 2281 lt.
976 2257 1009 2266 —
1021 2226 1047 2280 2.
1066 2224 1156 2292 ibid.²
1169 2224 1236 2289 ΧΠ,
1250 2223 1277 2288 1,
1290 2223 1318 2278 2.

187 2313 245 2369 of.
260 2312 390 2384 symm,
405 2313 473 2382 Ep„
490 2313 516 2378 9,
532 2314 577 2368 84.
1090 2349 1092 2352 -
