2828 4808
583 781 744 844 NONUM
766 778 924 843 CAPUT.

341 1053 384 1097 DE
405 1052 545 1097 VOCIBUS
567 1051 696 1097 GRAECIS
718 1051 759 1096 OB
780 1047 998 1098 BREVITATEM
1018 1051 1172 1097 ELECTIS.

234 1409 466 1472 Tullianarum
485 1409 674 1471 orationum
692 1408 826 1487 quando
846 1408 1026 1488 productas
1043 1408 1120 1470 illas
1142 1410 1322 1474 verborum

194 1507 444 1588 complexiones
459 1508 558 1585 atque
573 1506 726 1587 copiosas
743 1505 1018 1568 continuationes
1035 1506 1237 1581 evolvimus
1253 1526 1324 1589 per-

194 1607 280 1668 fecto
304 1605 534 1684 completoque
556 1604 764 1666 locutionum
792 1603 923 1666 anibitu
948 1603 1201 1683 permulceatur
1225 1623 1324 1668 aures

195 1722 232 1766 ac
250 1703 435 1766 leniuntur.
453 1701 756 1782 GonJunctionibus
774 1701 842 1764 illis
858 1719 933 1781 quae
954 1719 1134 1773 numerose
1153 1703 1278 1766 cadunt
1293 1708 1325 1766 et

194 1802 375 1882 quadrant,
399 1802 498 1879 atque
520 1800 784 1880 appellationum
811 1799 959 1861 circuitu
985 1802 1256 1864 constructiones
1279 1803 1324 1865 ita

195 1899 414 1980 perficiuntur
431 1901 468 1960 ut
484 1898 703 1978 amplissimae
725 1897 822 1960 nobis
841 1897 1021 1960 videantur
1041 1901 1073 1961 et
1092 1901 1255 1979 tanquam
1276 1919 1325 1962 ro-

195 1997 320 2059 tundae.
343 1995 409 2066 Qui
430 1997 466 2057 in
486 1995 696 2058 orationibus
719 1994 830 2057 fusam
856 1995 951 2057 illam
973 1997 1232 2077 amplitudinem
1252 2016 1325 2078 pro-

141 2161 146 2175 ,
197 2093 412 2174 sequebatur,
442 2094 533 2157 idem
567 2094 602 2155 in
631 2082 787 2174 epistolis
812 2093 1013 2156 brevitatem
1042 2095 1203 2173 loquendi
1237 2114 1324 2176 saepe

197 2194 343 2255 sectatus
359 2194 421 2266 est,
440 2193 476 2253 ut
491 2209 545 2253 res
561 2191 645 2272 ipsis
660 2192 893 2253 tantummodo
911 2192 1108 2255 nominibus
1123 2194 1326 2280 necessariis

135 2302 137 2308 ’
198 2289 368 2370 expediret
383 2292 415 2352 et
430 2306 532 2369 quam
552 2290 778 2369 paucissimis.
797 2289 908 2360 Quare
930 2289 1046 2352 crebro
1067 2292 1272 2370 compositas
1295 2295 1326 2354 et

194 2388 329 2468 junctas
344 2404 441 2449 voces
457 2405 524 2470 non
540 2387 638 2449 modo
651 2388 865 2467 pervulgatus
882 2388 942 2449 sed
960 2389 1061 2449 etiam
1079 2387 1156 2464 ἅπαξ
1175 2389 1326 2470 εἰρημένας

199 2503 241 2548 ex
269 2486 380 2548 atticis
407 2486 628 2566 scriptoribus
654 2485 762 2548 duxit.
786 2485 921 2548 Scilicet
942 2503 1008 2547 non
1037 2487 1084 2548 ita
1110 2487 1272 2550 flexibilis
1295 2491 1326 2550 et

197 2583 288 2645 lenta
314 2585 385 2645 erat
407 2584 515 2663 patria
537 2583 653 2664 lingua
680 2600 771 2662 quae,
797 2583 883 2645 sicut
908 2600 1031 2664 graeca,
1060 2601 1096 2646 se
1124 2585 1167 2646 ad
1193 2601 1328 2665 compo-

198 2682 325 2743 nendas
343 2682 529 2744 locutiones
548 2681 828 2744 accommodaret.

241 2803 252 2835 α
278 2779 345 2840 Zur
366 2779 583 2859 Entlehnung
605 2765 757 2842 fremden
781 2779 984 2860 Sprachguts
1006 2782 1148 2843 wurden
1170 2781 1225 2843 die
1248 2782 1327 2845 Roe-

198 2893 269 2938 mer
281 2877 387 2938 durch
403 2877 456 2939 die
470 2877 755 2940 Unbeholtenheit
770 2877 861 2939 ihrer
876 2877 1020 2957 Sprache
1036 2879 1072 2939 in
1089 2879 1154 2941 den
1167 2879 1328 2941 Wortzu-

199 2978 493 3054 sammensetzung
510 2977 706 3050 veranlasst,
724 2977 798 3038 eine
820 2976 1152 3056 Eigentiimlichkeit,
1176 2977 1230 3040 die
1251 2979 1324 3039 sich

200 3073 284 3134 auch
311 3072 371 3133 auf
393 3073 446 3135 die
470 3073 720 3136 Romanischcn
746 3074 1072 3155 Zoechtersprachen
1094 3076 1226 3138 vererbt
1252 3076 1321 3138 hat.

201 3171 311 3233 Schon
330 3171 457 3233 Lucrcz
476 3173 503 3233 l.
524 3173 584 3236 830
604 3173 765 3236 erwaehnt
785 3173 901 3235 diesen
922 3173 1056 3254 Mangel
1077 3192 1084 3234 :

307 3334 396 3388 Nunc
409 3337 437 3388 et
450 3334 641 3404 Anaxagorae
657 3336 828 3389 scrutemur
840 3334 1103 3403 homoeomeriam‚

308 3417 405 3482 Quam
421 3418 507 3474 Graii
520 3424 692 3474 memorant
706 3435 761 3474 nec
776 3422 881 3474 nostra
896 3420 995 3476 dicere
1009 3420 1117 3491 lingua

308 3503 453 3558 Concedit
468 3503 557 3558 nohis
571 3505 678 3576 patriae
694 3503 843 3559 sermonis
860 3509 989 3574 egestas,

310 3587 369 3642 Sed
381 3592 483 3643 tamen
498 3589 598 3660 ipsam
611 3604 674 3643 rem
687 3588 776 3644 facile
789 3591 835 3644 est
846 3604 996 3661 exponere
1009 3591 1111 3647 verbis
1126 3592 1147 3646 ¹.
1169 3612 1182 3641 »

244 3765 417 3828 Permulta
435 3769 515 3828 sunt
533 3767 569 3828 in
590 3766 709 3846 primis
730 3766 833 3828 verba
851 3768 975 3845 quibus
996 3770 1201 3850 praeponitur
1221 3771 1239 3831 ἀ
1258 3773 1331 3851 pri-

205 3864 356 3926 vativum
376 3882 382 3925 :

224 4082 322 4239 ὃέῠθ.
337 4083 449 4151 Weise,
466 4083 715 4140 cnoraarerastia
730 4087 788 4139 der·
804 4083 1013 4143 lateinischcn
1025 4088 1162 4156 Spa-acte
1177 4086 1323 4159 (Leipzig,

207 4168 222 4223 1
291 4209 298 4235 ‚
315 4184 344 4240 p.
360 4169 405 4225 23.
