2828 4808
611 377 669 413 ‚4-
689 359 729 421 82
751 386 789 408 ι-

190 515 201 546 ι
224 494 386 573 scaeua
400 491 503 553 etiam
516 491 605 570 apud
618 488 739 553 Graios
754 491 871 553 multis
887 483 999 553 modis
1011 492 1256 579 nominantur...

147 587 292 650 Secundi
311 589 390 663 duo,
409 588 493 650 Jove
515 589 584 650 nati
606 591 638 651 et
657 588 759 661 Leda,
780 588 899 651 Castor
918 591 951 650 et
969 588 1130 652 Polluxl.
1157 615 1169 647 »

56 716 59 723 ·
139 727 142 730 <
174 684 300 748 tfuelu.
316 710 328 741 ‹
345 686 457 749 Vestae
477 684 601 748 nomen
619 703 639 746 a
657 685 784 748 Graecis
803 679 855 750 est
874 705 882 747 :
898 703 936 751 ea
955 689 1007 748 est
1028 687 1120 751 enirn
1138 706 1211 768 quae
1226 691 1260 753 ab

144 784 213 846 illis
227 782 334 846 Ἑστία
351 785 492 858 dicitur3
512 785 565 846 vis
580 785 692 846 autem
711 785 784 861 ejus
801 785 933 846 aderas
949 786 981 846 et
996 786 1038 848 ad
1058 785 1152 848 focos
1172 790 1261 868 perli-

147 884 237 944 ηθῒὲ
266 906 278 941 r
407 952 409 956 ι
631 904 633 911 ’
987 925 989 928 >

186 983 301 1063 Κρόνος.
328 1003 340 1039 r
365 980 548 1042 Saturnum
570 983 684 1043 autem
704 998 783 1043 eum
798 997 880 1048 ,esse
902 969 1179 1063 voluerunt,“qui
1200 1002 1263 1046 cur-

146 1095 222 1140 sum
246 1081 278 1140 et
302 1080 558 1141 conversionem
583 1079 768 1159 spatiorum
792 1097 830 1141 ac
854 1082 1045 1160 temporum
1070 1067 1261 1157 contineret,

141 1176 204 1255 qni
219 1176 303 1248 dalis
317 1176 432 1239 Graece
446 1177 483 1238 id
498 1171 613 1256 ip'surn·
628 1175 750 1239 nomen
765 1177 887 1251 habet;
904 1182 1009 1259 Κρόνος
1025 1180 1119 1241 enim
1134 1180 1262 1255 dicitur,

145 1274 203 1352 qul
219 1278 270 1335 est
285 1273 374 1336 idern
391 1279 504 1357 χρόνος,
520 1275 554 1335 id
570 1277 631 1344 est,
649 1275 796 1354 spatium
811 1268 1005 1354 temporisr.
1027 1300 1039 1332 »
1060 1277 1137 1340 Non
1155 1280 1263 1340 nostra

145 1373 245 1433 refert
260 1375 375 1443 utrum
397 1364 557 1434 erraverit
578 1390 690 1434 annon
707 1372 833 1446 Cicero,
850 1375 908 1453 qui
929 1360 1031 1456 χρένέν
1047 1375 1140 1437 idem
1156 1376 1262 1438 valere

145 1473 244 1549 atque
263 1475 367 1554 Κρύνον
387 1471 570 1551 putaverit,
593 1471 676 1534 satis
691 1472 742 1533 est
760 1488 838 1533 eum
862 1473 904 1534 ad
925 1474 1131 1553 principium
1154 1491 1264 1537 asceu-

144 1567 235 1629 disse
249 1571 281 1630 et
296 1585 339 1630 ex
354 1586 392 1631 eo
409 1568 477 1630 vim
493 1568 644 1631 innatam
660 1569 808 1631 nominis
824 1570 1024 1632 exhausisse
1043 1588 1051 1631 t

183 1665 303 1727 Itidem
324 1667 364 1728 de
382 1667 483 1730 verbo
503 1669 591 1745 λύπη.
616 1691 627 1723 ι
650 1667 763 1747 Ipsam
793 1668 1026 1747 aegritudinem
1046 1671 1140 1747 λύπην
1167 1671 1265 1748 Chry-

144 1763 272 1846 sippus,
289 1765 492 1843 quasillum,
509 1765 543 1826 id
560 1768 612 1827 est
631 1765 833 1827 solutionem
853 1765 966 1827 totius
977 1765 1139 1842 hominis,
1160 1769 1264 1848 appel·

144 1860 269 1923 latione
284 1864 380 1941 putat
392 1861 413 1923 ⁴.
435 1887 447 1919 ι
906 1907 910 1911 -

56 2037 57 2041 ¹
182 1962 306 2041 Αυρικού.
329 1984 340 2019 ‹
366 1961 395 2021 A
414 1961 521 2022 modis
544 1961 747 2040 quibusdam
767 1961 866 2022 cantu
886 1964 1014 2023 remoto
1032 1962 1144 2024 soluta
1165 1962 1265 2043 (vide-

143 2059 210 2136 tur)
233 2076 307 2121 esse
327 2060 443 2133 oratio,
462 2061 675 2138 maximeque
700 2059 733 2120 in
754 2059 879 2138 optimo
900 2077 1033 2139 quoque
1054 2078 1172 2123 eorum
1194 2080 1265 2142 poe-

142 2159 252 2221 tarum
279 2159 337 2235 qui
362 2160 472 2239 λύρίκοί
497 2175 516 2219 a
540 2157 667 2220 Graecis
696 2158 926 2230 nominantur,
952 2176 1037 2237 quos
1065 2177 1142 2221 curn
1168 2162 1264 2233 cantu

143 2255 353 2335 spoliaveris
374 2258 463 2318 nuda
477 2274 574 2336 ,paene
595 2259 746 2318 remanet
766 2257 949 2318 oratio⁵.»
997 2290 1000 2294 Δ
1192 2246 1194 2249 ’

184 2356 330 2418 Πλούτων.
360 2378 372 2410 «
398 2355 546 2416 'Perrena
574 2357 686 2416 autem
712 2355 763 2417 vis
787 2355 898 2415 omnis
924 2356 1023 2432 atque
1052 2359 1172 2417 natura
1196 2356 1264 2418 Diti

143 2453 227 2531 {uitri
248 2453 399 2514 dedicata
417 2456 478 2528 est,
497 2453 555 2533 qui
573 2453 679 2531 dives,
700 2457 737 2515 ut
754 2453 843 2532 apud
861 2452 996 2514 Graecos
1018 2455 1165 2531 Πλούτων,
1188 2455 1265 2533 quia

143 2554 175 2611 et
191 2550 339 2613 recidant
355 2553 468 2613 omnia
483 2552 518 2613 in
533 2555 640 2613 terras
656 2554 688 2613 et
703 2551 855 2612 oriantur
871 2568 888 2612 e
904 2550 1002 2612 terris
1013 2553 1036 2611 θ.
1063 2575 1074 2606 »

182 2634 295 2731 ῥήτωρ.
319 2673 329 2704 a
350 2650 464 2712 Graece
481 2650 522 2711 ab
538 2649 724 2729 eloquendo
740 2651 834 2731 ῥήτωρ
856 2652 888 2710 et
902 2648 1004 2710 latine
1021 2648 1184 2728 eloquens
1200 2651 1265 2712 dic-

74 2779 76 2785 ·
144 2748 199 2808 tus
216 2751 335 2810 est⁷.»
465 2756 467 2761 '

186 2845 294 2921 Ὑάδες.
324 2847 436 2908 «Has.
458 2847 566 2910 Graeci
593 2847 708 2909 stellas
735 2845 873 2926 Hyadas
903 2847 1047 2908 vocitare
1076 2850 1220 2909 suerunt
1248 2865 1266 2908 a

141 2945 297 3023 pluendo,
314 2948 370 3010 ter
383 2947 474 3007 enim
489 2950 540 3008 est
554 2945 687 3025 pluere3
705 2945 810 3006 nostri
826 2944 980 3023 imperite
995 2944 1150 3018 Suculae,
1167 2946 1266 3024 quasi

142 3043 282 3105 asubus
298 3046 425 3117 essent,
444 3061 510 3105 non
526 3045 568 3106 ab
584 3044 752 3104 imbribus
768 3043 947 3103 nominatae
959 3040 983 3104 ⁸.
1008 3065 1024 3101 a

182 3141 289 3212 Quam
310 3143 589 3204 consuetudinem
608 3141 830 3202 certissimam
854 3157 928 3203 esse
949 3141 989 3201 ad
1013 3141 1267 3219 percipiendam

142 3241 439 3312 vocumvirtutem,
456 3241 560 3302 immo
576 3239 645 3301 fere
661 3255 776 3313 unam,
788 3239 989 3317 jampridem
1004 3237 1049 3299 M.
1062 3238 1196 3299 Tullius
1213 3257 1268 3302 ex·

141 3339 353 3418 cogitaverat,
368 3341 547 3416 antequam
561 3337 648 3399 docti
664 3338 770 3399 nostri
786 3338 931 3416 aequales
947 3337 1032 3398 hanc
1048 3353 1141 3416 paene
1156 3336 1267 3416 legem

145 3438 367 3519 intelligendae
382 3438 505 3516 linguae
522 3435 672 3498 tulerunt
689 3455 696 3496 ε
1154 3426 1156 3430 ’

183 3560 194 3591 ι
214 3536 234 3597 J
239 3554 344 3616 usque
359 3537 444 3598 dans
459 3535 508 3597 les
524 3534 719 3596 extensions
734 3534 783 3595 les
798 3534 874 3614 plus
890 3532 1070 3612 eloignees,
1087 3531 1110 3592 il
1126 3534 1178 3603 est
1194 3551 1270 3596 rare

141 3652 205 3713 que
231 3634 371 3714 l'usage,
399 3634 498 3713 gulde
522 3650 582 3713 par
605 3650 672 3701 une,
693 3633 827 3712 legique
854 3631 996 3704 secrete,
1023 3647 1064 3692 ne
1091 3633 1178 3691 reste
1205 3649 1268 3711 pas

141 3733 236 3796 lidele
259 3734 278 3794 a
299 3733 332 3794 la
351 3732 575 3812 signification
596 3731 776 3812 premiere,
799 3731 856 3809 qui
878 3728 1058 3808 l'explique
1081 3730 1112 3790 el
1133 3726 1167 3788 la
1188 3746 1270 3791 con·

176 3974 202 4029 l.
224 3975 274 4029 Act
292 3976 365 4041 atu,
383 3972 436 4040 ΙΙΙ,
457 3973 501 4039 21,
517 3973 562 4029 63.
579 4002 613 4012 -
625 3972 652 4028 2.
671 3972 759 4040 Ibid.,
774 3971 812 4039 II,
829 3971 874 4039 27,
892 3971 937 4027 67.
950 4000 983 4009 -
997 3971 1024 4026 3.
1048 3969 1139 4035 ibid,
1156 3969 1202 4039 25,
1217 3971 1264 4042 64.

140 4058 186 4114 Ci.
210 4058 309 4127 Breal,
331 4060 469 4113 Hercule
491 4063 519 4112 et
543 4060 654 4120 Cocus,
675 4074 704 4128 p.
731 4059 776 4113 57.
799 4085 833 4095 -·
848 4055 874 4110 4.
899 4055 1000 4118 Tusa,
1017 4054 1077 4120 III,
1101 4053 1147 4120 25,
1167 4054 1216 4110 61;
1233 4087 1268 4095 -

138 4145 166 4199 ε’).
184 4146 244 4209 Or„
262 4145 307 4211 55,
325 4146 386 4200 183.
406 4173 440 4185 -
456 4144 483 4198 6.
509 4146 550 4197 De
575 4144 648 4196 Nat.
666 4144 713 4206 D.,
732 4142 770 4209 11,
790 4141 836 4206 26,
851 4139 896 4196 66.
913 4167 947 4178 -
967 4139 992 4193 7.
1017 4139 1080 4204 Ora,
1100 4140 1145 4207 19,
1167 4139 1214 4198 61.
1231 4171 1268 4185 -

139 4230 165 4288 6
189 4228 573 4298 nereu.li,11,la,11u
