2828 4808
625 305 783 365 ..76-

142 437 224 509 viri,
248 436 302 498 vel
326 436 488 516 principis
524 438 692 499 inflectere
716 439 830 516 posset
858 437 899 499 ad
928 440 1212 518 coagmentandas
1234 441 1268 503 in

142 553 245 596 unam
263 535 468 598 locutionem
489 538 573 598 duas
590 536 643 598 vel
661 538 730 598 ires
751 553 861 612 rocoa,
881 539 913 599 ef
933 538 970 600 ut
986 537 1152 618 plurimas
1172 540 1268 619 graeci

143 634 310 695 sermonis
326 633 489 696 flexiones
505 620 730 696 aemularetur.
868 701 870 703 ,

180 732 263 794 Post
283 731 326 793 M.
343 732 505 807 Tullium,
526 733 645 795 Livius
668 731 816 805 :‹Quos
839 735 1053 814 androgynos
1072 734 1210 814 vulgus,
1233 737 1268 798 ut

140 830 297 909 pleraque
323 829 472 893 faciliore
497 832 538 893 ad
562 831 764 910 duplicanda
784 832 887 894 verba
908 849 1013 912 graeco
1036 849 1194 896 sermone
1216 851 1269 913 ap-

139 929 242 1008 pellat
264 927 328 1008 (27,
353 931 402 1003 11,
422 928 474 1009 5);
495 954 506 985 ι
525 932 556 991 et
575 929 707 992 Gellius
729 949 736 991 :
761 954 772 986 α
794 930 989 1010 Adjecimus
1007 947 1096 1010 saepe
1115 931 1268 994 animum

140 1028 183 1088 ad
201 1027 362 1088 vocabula
376 1044 489 1089 rerum
506 1045 572 1090 non
588 1028 804 1108 paucissima,
821 1029 1183 1109 quae'nequesingulis
1198 1048 1268 1092 ver-

139 1125 206 1199 bis,
229 1127 265 1187 ut
285 1143 303 1186 a
325 1123 464 1199 Graecis
488 1143 595 1206 noque
617 1125 646 1187 si
667 1127 815 1189 maxime
832 1126 985 1206 pluribus
1003 1144 1059 1189 eas
1078 1144 1134 1189 res
1153 1128 1268 1191 verbis

140 1224 305 1297 dicamus
326 1226 395 1285 tam
416 1224 561 1286 dilucide
581 1227 716 1304 tamque
736 1227 811 1304 apte
828 1224 1049 1287 demonstrari
1070 1225 1179 1287 latina
1198 1244 1268 1288 ora-

140 1321 230 1383 tione
245 1323 398 1400 possunf
416 1339 517 1401 quam
533 1323 641 1385 Graeci
658 1323 826 1384 sedicunt
841 1322 946 1401 privis
961 1322 1141 1385 vocibus...
1158 1323 1198 1385 In
1214 1342 1267 1385 me

142 1418 245 1499 igitur
264 1419 467 1495 infecundis,
489 1420 547 1499 qui
568 1438 609 1482 ne
631 1421 786 1500 pluribus
804 1420 941 1500 quidem
963 1420 1077 1482 verbis
1097 1423 1266 1501 potuerim

144 1517 384 1579 obscurissime
405 1518 514 1580 dicere
534 1519 624 1596 quod
642 1535 660 1579 a
675 1517 801 1580 Graecis
820 1518 1064 1598 perfectissime
1080 1536 1149 1581 uno
1164 1519 1265 1582 verbo

143 1616 175 1677 et
188 1615 386 1694 planissime
402 1615 536 1678 dicitur.
559 1639 570 1672 a
588 1617 647 1696 (N.
664 1620 721 1690 Α,.,
739 1617 789 1691 11,
806 1615 890 1696 10)¹.

175 1821 202 1874 l.
225 1819 338 1886 Weiss,
354 1821 387 1873 L.
405 1821 435 1887 l.‚
451 1837 480 1892 p.
497 1818 540 1874 23.
