2828 4808
624 302 780 364 ..93-

182 440 231 500 Ad
262 437 484 517 Eutrapelum
507 417 740 510 Volumnium,
767 437 824 516 qui
854 437 1028 516 Cytherim
1056 440 1200 514 amabat,
1230 457 1268 502 ea

149 536 287 599 scribit:
311 535 480 607 Quoniam
501 536 594 596 tante
617 534 682 596 faex
705 538 755 597 est
779 535 815 597 in
838 536 944 608 Urbe,
966 539 1002 599 ut
1024 537 1109 598 nihil
1132 539 1201 599 tarn
1224 538 1268 601 sit

147 637 277 718 ἀκὺθηρον
292 634 382 714 quod
397 650 466 695 uon
481 632 582 695 alicui
597 634 779 694 venustum
795 633 949 695 videatur
963 638 1010 696 ¹...
1032 659 1043 690 ι

180 736 281 816 Κύρος.
304 732 427 813 (Cyrus
450 732 520 792 erat
542 730 715 793 Ciceronis
737 731 968 812 architectus.)
990 756 1002 787 ι
1027 733 1267 795 Fenestrarum

146 831 315 912 augustias
336 830 425 910 quod
442 828 671 909 reprehendis
688 829 772 891 scito
788 831 819 890 te
838 832 927 911 Κύρου
949 833 1077 893 παιδείαν
1092 831 1268 910 reprehen-

145 931 219 993 dere
231 931 256 990 2.
278 953 289 985 ι

181 1030 315 1106 Κωμικὲς
335 1031 451 1109 μάρτυς.
476 1050 487 1081 c
510 1025 562 1086 Tu
580 1043 617 1088 es
637 1025 746 1098 testiS‚
764 1025 925 1104 quoniam
943 1029 1070 1105 κωμικὲς
1093 1030 1211 1109 μάρτυς,
1232 1028 1269 1088 ul

144 1125 270 1207 opinor,
288 1124 409 1187 occidit
429 1122 560 1185 Phania
572 1123 595 1185 ³.
617 1147 628 1179 ι
651 1123 736 1185 Cum
754 1141 879 1185 nomen
898 1125 1033 1186 comicae
1047 1142 1198 1205 personae
1224 1125 1269 1187 sit

144 1223 284 1296 Phania,
300 1222 460 1286 libertum
475 1222 576 1302 Appii
588 1222 663 1302 joco
680 1223 775 1284 vocat
788 1224 913 1302 κωμικὲν
929 1227 1067 1306 μάρτυρα.
1084 1223 1156 1285 Etr.
1297 1207 1302 1220 ι

182 1321 315 1394 Quibus
337 1321 496 1382 omnibus
520 1320 702 1400 exploratis
726 1320 945 1382 manifestum
968 1321 1114 1396 videtur,
1140 1322 1169 1383 si
1191 1322 1268 1401 quis

144 1439 183 1482 ex
207 1419 360 1500 epistolis
386 1418 431 1480 M.
456 1418 559 1480 Tullii
584 1435 689 1498 graeca
715 1418 877 1480 vocabula
901 1420 1098 1489 detraxerit„
1124 1422 1268 1482 eundem

143 1518 318 1581 detrahere
337 1519 371 1580 et
387 1516 524 1579 facetias
545 1517 725 1596 quasdamq
745 1535 811 1578 non
838 1518 956 1580 atticas
976 1517 1114 1597 quidem
1132 1518 1192 1580 sed
1212 1537 1267 1579 ur-

142 1617 247 1680 banas
275 1617 307 1677 et
336 1632 415 1677 vere
443 1615 618 1688 tullianae,
649 1616 680 1677 et
710 1614 970 1677 translationum
995 1616 1140 1678 colorem
1168 1618 1267 1694 atque

142 1715 336 1796 splendidos
362 1715 462 1776 flores
490 1730 567 1775 cnm
592 1713 721 1792 poetico
743 1713 889 1790 quodam
911 1713 1039 1775 lumine
1066 1712 1214 1788 anferre,
1237 1716 1270 1776 et

142 1813 389 1893 quodammodo
410 1812 563 1887 lacertos,
581 1811 781 1891 sanguinem
800 1828 991 1891 nervosque
1011 1812 1199 1887 debilitare,
1222 1812 1268 1873 ita

142 1913 178 1974 ut
193 1915 225 1974 et
242 1928 433 1991 exsangues
448 1928 495 1974 eae
509 1911 592 1972 fiant
608 1912 640 1972 et
655 1911 788 1972 nudatae
805 1912 837 1972 et
851 1909 977 1972 tristes,

157 2143 216 2284 31.2
224 2143 277 2197 Ac
299 2143 374 2210 Arc„
389 2141 455 2209 VII,
473 2142 518 2210 32,
534 2143 562 2197 2.
576 2171 610 2183 -
623 2140 650 2197 2.
676 2141 766 2208 ibid,
788 2142 826 2210 II,
851 2142 878 2208 3,
894 2143 921 2198 2.
943 2173 977 2184 -·-
994 2143 1020 2199 3.
1039 2144 1089 2198 Ac
1108 2145 1209 2212 Fam„
1227 2145 1267 2211 ΙΙ,

140 2229 155 2284 1
177 2271 184 2296 ,
219 2272 225 2284 .
