2828 4808
575 61 589 91 ,
706 66 711 77 .

486 130 529 201 '·.'
579 110 686 199 ‘tr-⁸
752 116 757 125 ’

573 208 576 218 Ι
601 202 606 211 ,
636 189 669 215 ¹.··
1131 158 1154 205 ι.

404 228 414 251 ·
513 260 525 275 .
547 240 564 260 β
623 230 667 283 ι““
727 243 732 249 ·

209 326 229 367 υ
392 280 426 353 -‘⁹
460 361 465 369 ,
510 312 514 319 ’
575 284 761 361 -ιθ5’“”-”

61 388 67 401 .
86 396 239 511 profecto
259 430 336 495 ante
356 397 413 493 me
424 424 543 519 ‚neme
560 431 598 492 ut
617 422 689 510 ipsc
710 446 763 493 me
782 392 1217 512 per‘litteras'odnsolarel'}

88 545 193 608 quem
208 527 334 591 librum
349 528 392 590 ad
406 529 439 591 te
454 527 598 604 mittam,
615 527 645 590 si
660 528 901 609 descripserint
913 529 1055 593 librarii.
1073 530 1216 595 Affirmo

88 626 220 689 nullam
241 626 513 691 Consolationem
535 643 609 690 esse
627 625 742 690 talem.
758 627 866 691 Totos
885 626 957 691 dles
975 628 1123 695 scribet.
1143 653 1217 689 ».—
1331 668 1334 675 ·

88 723 130 787 In
146 741 185 787 ca
204 723 415 805 (solitudine)
434 724 546 788 omnis
565 741 677 788 sermo
693 725 744 788 est
763 742 842 788 cum
857 725 980 789 litteris
990 726 1012 790 ².
1034 750 1046 783 ι
1068 762 1107 773 -
1127 751 1139 784 ι
1163 726 1217 790 Me

88 822 227 904 scriptio
243 823 275 885 et
290 822 409 886 litterae
427 839 494 885 uon
510 822 643 885 leniunt
658 823 719 885 sed
734 823 917 887 obturbant
931 826 953 887 ⁸.
982 849 994 882 »

131 919 197 993 Qui
212 920 356 1001 scriptor
373 920 487 984 dolore
506 936 688 1001 oppressus
703 920 833 984 luctum
851 921 892 984 ad
909 922 1023 1003 gloriae
1040 940 1111 986 suae
1129 940 1218 986 com-

89 1019 230 1081 modum
247 1035 284 1081 se
301 1020 469 1082 torturum
488 1020 598 1098 sperat
618 1018 734 1099 etjam
751 1021 896 1101 torquet,
912 1022 1115 1100 quantusvis
1133 1039 1218 1084 suus

88 1116 156 1198 ipsi
178 1116 312 1181 videtur
331 1133 467 1190 moeror,
491 1132 571 1178 eave
592 1134 633 1179 ne
653 1117 798 1197 simplex
819 1117 1003 1181 credideris
1026 1136 1104 1182 eum
1125 1119 1219 1182 nulla

87 1213 290 1295 cogitatione
305 1213 538 1278 infelicitatem
554 1231 651 1276 suam
667 1214 810 1278 miscere
829 1233 837 1276 ε
853 1215 994 1283 dulcedo
1010 1217 1164 1296 quaedam
1180 1217 1216 1280 in

88 1329 245 1376 amarum
259 1312 352 1375 istud
369 1312 537 1394 subrepit,
553 1313 643 1375 unde
659 1312 773 1376 nescio
789 1313 872 1394 quid
889 1315 996 1378 oritur
1013 1317 1216 1398 γλυκύπικρον.
1306 1376 1307 1380 ,
1382 1364 1385 1369 .

87 1409 155 1483 Qui
174 1409 448 1474 ConsolatIcnem
469 1408 536 1474 sibi
558 1410 740 1492 componit,
759 1428 828 1475 non
849 1412 879 1474 is
894 1411 967 1493 jam
989 1415 1062 1494 eget
1083 1413 1203 1478 Gosola

87 1509 208 1580 tione„

127 1607 271 1671 Molesta
288 1607 392 1688 igitur
410 1606 491 1671 orbo
511 1607 642 1687 parenti
662 1607 750 1670 facta
771 1609 822 1671 est
842 1607 999 1672 solitudo.
1025 1632 1037 1665 ‹
1061 1609 1161 1674 Nunc

85 1706 202 1787 ipsum
217 1705 336 1769 sinete
352 1722 509 1769 essenon
523 1704 698 1786 possnm⁴.
719 1729 731 1762 ι
746 1706 842 1769 Tunc
857 1707 1038 1770 consillum
1053 1707 1088 1770 iu
1104 1710 1217 1771 animo

85 1804 206 1881 volvit,
227 1805 317 1884 quod
336 1803 462 1869 doloris
482 1821 550 1867 uon
569 1804 836 1886 ingravescentis
857 1807 919 1883 est,
938 1807 997 1869 sed
1016 1807 1217 1870 sublevandi

86 1905 121 1967 et
136 1902 332 1983 reponendi.

131 2025 143 2058 ‹
170 2000 252 2081 Ego,
269 2001 433 2081 quantum
448 2000 503 2063 his
517 2000 728 2080 temporibus
747 2002 816 2064 tam
833 2001 976 2065 eruditis
990 2002 1064 2065 fieri
1083 2002 1216 2084 poterit,

84 2098 237 2182 profecto
251 2098 345 2162 illam
361 2097 536 2179 (Tulliam)
552 2098 754 2162 consecrabo
770 2099 861 2162 omni
878 2111 1000 2180 genere
1016 2117 1217 2163 monumen-

84 2201 201 2262 torum
220 2196 262 2260 ab
280 2195 434 2259 omnium
450 2196 596 2277 ingeniis
613 2199 827 2277 sumptorum
844 2200 876 2261 et
893 2198 1088 2263 Graecorum
1105 2200 1137 2261 et
1154 2197 1217 2261 La-

85 2294 275 2358 tinoruml.
302 2317 315 2350 »

128 2392 368 2457 Dilectissimae
393 2391 472 2456 tiliae
500 2393 699 2457 memoriam
724 2392 804 2457 fano
830 2394 938 2459 colere
964 2395 1114 2458 statuit:
1141 2413 1216 2476 quac

86 2493 246 2568 ἀποθέωσις
265 2493 408 2555 mortem
427 2491 593 2568 devincet,
614 2494 646 2555 et
665 2493 763 2572 quasi
781 2495 942 2557 aeternam
961 2494 1110 2558 animam
1130 2512 1219 2575 mor-

84 2593 154 2655 tuae
179 2589 347 2666 restituet,
370 2592 407 2653 ut
430 2606 498 2652 non
515 2589 588 2670 J'am
612 2590 805 2654 exanimem
824 2608 899 2654 eam
920 2592 1053 2668 deflere,
1074 2593 1134 2655 sed
1154 2593 1220 2655 im·

86 2692 258 2753 mortuam
273 2689 464 2753 collaudare
480 2690 512 2753 et
526 2689 675 2752 revereri
690 2691 820 2770 patrem
835 2692 962 2754 deceat.

129 2788 225 2852 Abiit
245 2789 369 2864 luctus,
391 2804 498 2869 graeca
519 2788 662 2852 redeunt
683 2807 690 2851 :
712 2806 857 2869 sequens
879 2789 970 2852 enim
990 2789 1142 2870 epistola,
1166 2808 1219 2854 or-

87 2887 168 2950 dine
183 2887 393 2962 duodeoima,
409 2885 560 2966 quinque
577 2904 702 2967 graecas
720 2904 818 2951 voces
836 2887 902 2950 sibi
918 2888 1072 2951 assumit.
1090 2889 1214 2952 Falsus

87 2986 227 3068 quidem
242 2985 288 3049 M.
304 2984 438 3048 Tullius
451 2985 562 3049 luerat
576 2986 683 3062 vates,
699 2986 758 3067 qui
773 2986 814 3050 de
830 2990 1048 3051 monumento
1065 2987 1124 3052 illo
1142 3004 1216 3069 pro-

88 3085 252 3149 videbat:

132 3207 143 3240 ‹
162 3183 245 3255 Quae
258 3199 313 3245 res
328 3181 471 3245 forsitan
486 3181 532 3246 sit
545 3181 744 3246 refricatura
758 3184 883 3247 vulnus
899 3202 1012 3248 meum
1025 3187 1048 3248 ⁶.
1069 3209 1082 3242 »
1103 3185 1212 3249 Immo

88 3283 258 3346 clausura.

128 3382 214 3445 Fere
236 3379 397 3443 universa
420 3380 573 3444 omnium
595 3380 805 3444 eruditorum
830 3382 981 3445 virorum
1004 3383 1212 3445 consuetudo

88 3497 128 3545 ea
152 3478 271 3543 Romae
298 3477 363 3542 fuit
388 3477 505 3559 graecis
532 3479 762 3542 locutionibus
788 3496 980 3543 sermonem
1005 3479 1214 3555 illustrandi,

88 3576 245 3658 quisquis
260 3578 331 3640 erat
344 3575 375 3638 is
389 3593 535 3657 quocum
550 3576 828 3656 colloquebantur
842 3578 896 3640 vel
911 3579 953 3640 ad
968 3595 1069 3657 quem
1084 3579 1215 3641 litteras

88 3675 278 3741 mittebant.
294 3675 438 3739 Plurimi
454 3693 545 3752 vero,
567 3678 600 3738 et
621 3675 646 3738 ii
667 3676 905 3739 litteratissimi
928 3677 1095 3753 homines,
1117 3677 1152 3739 ln
1173 3694 1210 3740 eo

88 3773 317 3856 gloriabantur
332 3775 422 3854 quod
440 3776 565 3839 temere
585 3776 618 3839 et
636 3775 828 3838 inconsulte
844 3793 968 3856 graecas
983 3776 1058 3839 illas
1075 3776 1212 3840 divitias

123 4005 149 4061 1.
169 4004 220 4060 Au
232 4004 292 4060 Ate.
311 4004 383 4071 XII,
402 4005 447 4072 ll,
466 4004 494 4061 3.
516 4035 551 4046 -
569 4006 596 4062 2.
619 4005 709 4073 Ibid.,
726 4005 796 4071 XII,
810 4006 854 4062 15.
871 4035 906 4047 -
923 4006 951 4061 3.
968 4005 1058 4072 Ibid.,
1074 4006 1142 4071 XII,
1163 4006 1209 4070 16,

89 4090 121 4146 in
138 4090 210 4146 fine.
230 4118 266 4131 -
283 4089 310 4145 4.
335 4089 427 4159 Ibid.,
443 4090 520 4160 XII,
537 4091 582 4158 16,
605 4090 638 4146 in
658 4090 767 4149 medio.
791 4119 825 4133 -
845 4091 873 4148 5.
900 4091 989 4159 Ibid.,
1014 4092 1086 4159 XII,
1108 4091 1154 4148 20.
1174 4122 1209 4132 -

88 4174 115 4232 6.
134 4174 226 4245 Ibid.,
243 4173 311 4244 XII,
327 4173 373 4242 18,
389 4173 419 4230 1.
