2828 4808
538 354 701 429 ...19-

58 499 241 566 Nonnullae
252 501 355 582 igitur
368 501 489 564 exterae
501 501 688 565 locutiones
701 501 737 562 in
752 499 839 563 libro
854 500 972 563 insunt
985 505 1026 563 αθ
1040 490 1186 562 Oratore

56 604 93 664 et
107 605 148 664 αθ
162 601 382 671 Inventione,
396 598 510 678 plures
524 598 560 661 in
575 598 673 661 librIs
689 598 748 679 qui
762 597 997 660 inscribuntur
1016 601 1140 672 Topica
1155 599 1189 669 et

58 702 213 772 oraton·
240 697 368 777 aliquot
394 697 429 759 in
455 697 614 778 operibus
641 701 682 760 αθ
709 700 857 774 Leoibns
881 699 913 759 et
938 701 979 759 αθ
1004 698 1133 773 Officiis
1157 697 1188 757 et

55 800 100 857 αθ
114 796 207 856 Fato
222 792 388 867 inventae,
404 792 488 854 satis
503 792 618 855 multae
634 794 746 854 autem
763 793 954 866 occurrunt,
967 791 997 853 si
1011 791 1089 886 quis
1100 794 1189 853 Aco-

57 898 207 963 ctentico,
224 896 265 954 αθ
283 895 433 953 Finibns
453 893 485 953 et
504 895 790 954 Tnscnionornni
808 890 970 970 quinque,
987 895 1028 952 αθ
1046 890 1190 952 Notnro

55 995 218 1054 Deornin
233 992 315 1065 tres,
332 994 373 1052 αθ
387 992 614 1053 Divinatione
628 990 714 1052 duos
728 989 834 1051 libros
848 989 1007 1070 perlegat.
1069 1002 1072 1009 ·

100 1089 282 1168 Dialogum
292 1091 333 1150 αθ
343 1091 457 1150 Oloris
470 1089 675 1150 Oratoribus
688 1087 838 1149 volventi
848 1087 965 1150 lectori
978 1089 1099 1167 praesto
1111 1083 1191 1149 sunt

57 1186 255 1268 paucioreS,
270 1202 445 1266 perpaucae
460 1185 561 1248 etiam
577 1190 618 1248 αθ
634 1187 820 1248 Senectnte
836 1187 869 1248 et
883 1189 924 1248 αθ
938 1188 1109 1248 Amicitia
1123 1186 1192 1247 dia-

58 1286 167 1366 logos.
191 1284 245 1347 Ex
263 1284 389 1363 quibus
410 1287 549 1347 Brntns
571 1284 628 1347 ille
650 1284 691 1346 de
713 1300 748 1346 re
769 1283 932 1345 historica
952 1283 1030 1364 agit,
1054 1285 1087 1345 et
1106 1283 1192 1345 nihil

60 1383 156 1446 aliud
183 1382 251 1444 nisi
280 1399 426 1462 graecum
453 1384 486 1444 et
515 1398 694 1445 romanum
723 1398 893 1460 quemque
924 1383 1090 1444 oratorem
1119 1380 1193 1444 rhe

60 1484 215 1545 toremve
244 1482 302 1542 aut
336 1481 484 1542 πολιτικὸν
512 1479 671 1542 laudibus
696 1479 743 1542 ita
767 1479 934 1555 cumulat,
959 1480 997 1541 ut
1024 1495 1192 1558 nusquam
1225 1498 1227 1503 ⁴

62 1579 135 1645 fere
154 1577 399 1642 rhetoricarum
414 1578 644 1642 doctrinarum
659 1577 824 1641 vocabula
842 1576 1004 1640 adhibere
1022 1577 1068 1643 sit
1086 1577 1191 1639 locus.

62 1682 197 1741 Laelius
216 1679 331 1739 autem
346 1679 379 1739 et
397 1679 480 1739 Coto
496 1680 615 1749 motor
635 1675 879 1756 philosophicis
901 1675 1082 1738 Graiorum
1098 1676 1196 1738 disci-

63 1775 170 1858 plinis
184 1775 397 1850 imbuuntur,
411 1776 560 1837 attamen
575 1774 637 1836 has
654 1791 772 1836 omnes
787 1790 946 1836 versuras
961 1791 1100 1836 romano
1115 1790 1196 1854 quc·
1278 1843 1281 1846 ,

64 1875 145 1937 dam
157 1873 267 1936 colore
281 1875 314 1936 et
328 1872 425 1935 latini
441 1872 609 1935 sermonis
625 1872 836 1934 humanitate
851 1872 1196 1952 exquisitatanquam

66 1971 244 2052 splendido
265 1970 403 2033 volucro
422 1971 568 2051 protexit
588 1974 620 2034 et
641 1970 818 2033 exornavit
837 1973 964 2033 auctor.
984 1969 1150 2033 Praeterea
1167 1970 1196 2032 si

66 2070 112 2132 M.
135 2069 269 2132 Tullius
288 2085 395 2148 graeca
413 2068 480 2131 sibi
501 2070 713 2149 arrogantem
734 2071 767 2130 et
783 2085 888 2148 graece
908 2068 1131 2131 disserentem
1151 2068 1198 2130 fe·

67 2169 171 2231 cisset
185 2166 340 2243 Laelium,
354 2183 456 2246 quem
471 2167 621 2247 quidem,
636 2165 724 2228 sicut
739 2164 779 2230 P.
796 2166 907 2246 Scipio
923 2166 1105 2229 AtrIcanus
1120 2165 1196 2243 fult,

67 2265 241 2347 perpolitae
265 2264 469 2327 urbanitatis
491 2265 717 2344 purissimum
740 2265 912 2344 exemplar
925 2264 1032 2328 fuisse
1051 2264 1198 2327 Romani

69 2363 328 2438 existimabant,
355 2364 444 2425 certe
470 2380 538 2424 non
564 2363 611 2426 ita
637 2363 845 2443 colloquium
869 2362 954 2425 illud
976 2364 1064 2426 esset
1087 2362 1199 2424 mode-

69 2465 178 2538 ratus,
198 2464 236 2524 ut
255 2478 370 2524 rerum
390 2463 490 2542 atque
509 2478 733 2542 personarum
751 2461 931 2543 dignitates
952 2461 1054 2524 ferret
1073 2463 1149 2541 apta
1167 2462 1199 2524 et

71 2577 262 2641 congruens
275 2559 404 2640 lingua.

110 2658 194 2721 Cato
211 2661 320 2736 major
334 2675 369 2721 se
385 2658 608 2738 antiquorum
626 2676 760 2721 morum
779 2658 946 2721 fautorem
964 2658 1153 2739 praebuerat
1167 2659 1200 2719 et

70 2757 223 2822 externis
240 2756 393 2820 scientiis
411 2757 629 2837 pertinaciter
644 2756 840 2832 infensum;
856 2774 958 2836 quem
975 2756 1121 2819 alienam
1138 2756 1201 2818 lin-

71 2874 174 2938 guam
193 2854 259 2918 sibi
279 2858 509 2919 assumentem
531 2857 560 2920 si
581 2856 738 2919 finxisset
759 2857 889 2930 noster,
910 2855 1090 2918 manifesto
1111 2857 1201 2918 esset

71 2954 271 3019 ementitus.
295 2953 496 3034 Quanquam
518 2955 606 3036 apud
625 2954 822 3018 Ciceronem
843 2955 1010 3016 eruditius
1029 2955 1200 3035 disputare

70 3052 156 3117 Cato
172 3052 306 3116 videtur
320 3069 422 3131 quam
437 3053 613 3116 consuevit
627 3053 699 3133 lpse
714 3053 749 3114 in
765 3052 838 3114 suis
853 3052 961 3114 libris.
977 3050 1074 3124 Quod
1088 3053 1202 3114 incon-

71 3151 228 3233 gruentis
243 3150 411 3235 sermonis
428 3152 555 3214 crimen
571 3151 637 3213 sibi
653 3169 694 3214 ne
710 3152 924 3232 objiceretur,
940 3151 1037 3231 plura
1051 3151 1106 3213 hic
1120 3168 1203 3231 pree-

71 3250 177 3313 cavit.
195 3273 208 3306 ι
227 3250 413 3327 Attribuitc
429 3250 551 3313 litteris
566 3250 695 3330 graecis,
712 3267 858 3330 quarum
873 3251 1005 3312 constat
1020 3266 1098 3311 eum
1112 3268 1203 3330 pers·

72 3348 250 3411 tudiosum
279 3348 387 3410 fuisse
415 3349 682 3412 insenectutet
713 3372 725 3405 »
754 3349 940 3428 Postquam
968 3365 1048 3410 vero
1076 3348 1202 3428 aliquot

73 3444 275 3510 notissimos
288 3446 380 3508 viros
395 3463 437 3508 ex
449 3446 562 3510 Graiis
576 3446 767 3527 appellavit,
782 3447 882 3526 atque
897 3446 1031 3508 Solonis
1046 3445 1203 3507 verethus

73 3543 283 3624 quibusdam
310 3544 429 3606 alludit
456 3544 646 3607 consularis
674 3561 793 3620 senex,
819 3579 858 3589 -
887 3561 954 3606 non
982 3543 1038 3606 ille
1066 3544 1203 3623 quidem

73 3641 225 3706 extraria
245 3641 409 3704 vocabula
430 3660 539 3721 neque
563 3659 732 3722 usurpans
756 3659 865 3722 neque
889 3642 1049 3717 laudans,
1073 3677 1113 3686 -
1133 3641 1204 3704 haec

73 3741 249 3822 adjungit,
270 3757 410 3821 sperans
432 3741 503 3804 fore
525 3743 562 3804 ut
581 3740 816 3803 imminentem
839 3741 1136 3820 reprehensionem
1156 3757 1206 3803 re-

73 3840 210 3903 vincat:
223 3862 234 3895 «
247 3838 394 3902 Litteras
407 3857 531 3919 graecas
542 3858 647 3902 senex
657 3840 775 3916 didIci3
792 3857 876 3919 quas
891 3840 1029 3918 quidem
1045 3840 1094 3902 sic
1109 3838 1205 3901 avide
1320 3886 1323 3892 .

74 3933 207 4014 arripui
227 3934 325 4012 quasi
352 3934 546 3996 diuturnam
573 3934 666 3996 sitim
691 3934 825 4014 explere
845 3934 995 4013 cumane,
1017 3934 1054 4015 ut
1074 3950 1112 3995 ea
1132 3933 1207 4012 ipsa

75 4031 163 4095 mihi
185 4034 264 4094 nota
283 4034 407 4107 essent,
428 4032 554 4111 quihus
574 4049 628 4094 me
647 4049 736 4094 nunc
757 4031 921 4112 exemplis
943 4032 992 4093 uti
1007 4031 1129 4093 videtiS
1142 4030 1165 4091 2.
1193 4054 1204 4086 ι

118 4247 148 4304 1.
168 4247 212 4302 De
229 4248 405 4314 Senectute,
419 4247 444 4312 I,
461 4246 490 4302 3.
504 4276 539 4288 -
552 4247 580 4304 2.
597 4247 686 4317 Ibid.,
702 4247 785 4313 VIII,
799 4247 846 4303 eo.
