2828 4808
525 883 707 958 SEXTUM
729 881 887 944 CAPUT.

221 1197 265 1242 DE
285 1159 480 1242 (iRAECORUM
501 1194 767 1240 PROVERBIORUM
787 1194 830 1240 ET
851 1194 1091 1242 PROLATIONUM
1112 1197 1191 1243 USU.
1261 1263 1265 1266 .

183 1615 264 1677 Non
279 1611 350 1691 jam
364 1611 404 1672 de
420 1609 606 1671 diffidentia
621 1610 653 1672 et
668 1609 822 1672 cantione
837 1609 896 1671 illa
912 1609 1063 1673 dicemus
1078 1629 1162 1692 quas
1178 1615 1267 1694 apud

139 1711 301 1795 quemvis
315 1709 419 1771 alium
434 1709 627 1771 Romanum
642 1708 676 1770 in
693 1710 811 1771 eodem
826 1708 1025 1772 difficillimo
1045 1727 1159 1774 rernm
1176 1713 1267 1775 statu

141 1825 319 1890 agnoscas,
335 1825 444 1886 neque
460 1808 548 1886 apud
563 1823 669 1868 unum
684 1805 728 1868 M.
745 1806 895 1869 Tullium
911 1808 1077 1887 reperias3
1094 1810 1153 1871 sed
1168 1827 1270 1888 quos-

141 1909 223 1970 dam
245 1906 350 1969 animi
369 1906 481 1967 motus
502 1903 675 1966 Ciceronis
696 1905 850 1985 proprios
867 1908 899 1967 et
913 1905 1100 1985 peculiares
1118 1907 1270 1987 explora-

140 2006 212 2068 turi
228 2022 359 2078 sumus‚
375 2004 404 2066 si
420 2003 758 2065 animadverterimus
771 2020 846 2081 quae
860 2003 1077 2084 potissimum
1089 2006 1268 2084 proverbia

143 2103 197 2184 vel
213 2102 364 2164 carmina
379 2118 421 2164 ex
436 2101 542 2163 Ioniis
557 2100 721 2163 Atticisve
738 2101 804 2164 sibi
820 2105 962 2182 arroget.

183 2187 374 2264 Nonnullis¹
385 2200 421 2261 in
440 2198 603 2279 epistolis,
621 2215 730 2277 neque
748 2199 792 2260 iis
812 2199 1056 2280 frequentibus,
1073 2202 1190 2283 adagia
1209 2203 1268 2266 illa

140 2300 258 2362 laudat
286 2315 361 2381 quae
390 2314 459 2360 non
487 2297 622 2376 ingenio
653 2297 757 2359 unius
785 2297 837 2360 vel
865 2299 971 2378 poetae
999 2300 1051 2362 vel
1076 2300 1268 2381 philosophi

143 2397 343 2477 excogitata,
364 2396 423 2458 sed
443 2412 485 2456 ex
502 2395 674 2457 communi
694 2395 847 2458 omnium
867 2395 958 2458 fonte
979 2397 1073 2476 lapsa
1092 2402 1269 2482 conterun-

142 2499 200 2577 tur
215 2496 382 2558 vetustate
397 2496 430 2556 et
449 2493 485 2553 in
506 2493 786 2556 consuetudinem
801 2495 1075 2574 pervulgatorum
1090 2496 1268 2559 effatorum

143 2593 298 2656 veniunt.
315 2591 396 2667 Quae
412 2594 532 2654 cuncta
549 2591 689 2654 minime
709 2592 842 2654 animos
859 2594 901 2655 ad
916 2593 1028 2655 laudis
1047 2611 1197 2657 amorem
1214 2613 1270 2658 ex-

144 2692 268 2754 tollunt
292 2692 350 2752 aut
378 2691 419 2752 ad
447 2689 629 2762 sublimem
655 2690 893 2752 excellentium
919 2691 1070 2754 virorum
1098 2692 1268 2755 insaniam

143 2789 319 2869 instigant,
340 2791 373 2850 at
392 2790 507 2850 contra
530 2805 806 2867 unumquemque
826 2789 991 2852 inducunt
1010 2792 1048 2852 ut
1067 2790 1269 2870 cupiditates

141 2890 309 2961 coerceat,¹
326 2888 364 2949 ut
385 2886 591 2948 alacritatem
611 2885 769 2961 refrenet,
794 2889 829 2949 nt
852 2887 993 2949 nimiam
1011 2887 1048 2950 in
1067 2889 1195 2968 agendo
1214 2889 1268 2953 vel

143 2987 183 3048 in·
199 2985 419 3065 perdiscendo
440 2983 688 3046 contentionem
709 2986 871 3063 tanquam
890 3001 1013 3058 vanam
1036 2989 1068 3049 et
1090 2987 1268 3050 ridiculam

143 3085 350 3164 compescat,
374 3085 411 3145 ut
433 3083 578 3162 denique
602 3099 672 3159 res,
696 3101 764 3145 non
787 3083 905 3159 verba,
921 3085 1164 3164 'prosequatur
1188 3087 1268 3149 Haec

142 3182 407 3264 prudentissime
427 3182 515 3244 dicta
535 3182 563 3243 si
583 3181 983 3271 saepius-auscultavisset
1004 3186 1129 3259 noster,
1151 3203 1217 3261 non
1238 3184 1269 3246 is

143 3281 330 3344 exstitisset
351 3280 409 3359 qni
433 3280 635 3342 deridendus
657 3281 746 3341 esset
768 3279 947 3359 aliquando
971 3283 1003 3344 et
1024 3282 1270 3362 reprehenden-

143 3381 207 3442 dus
226 3379 260 3441 in
280 3396 315 3440 re
330 3378 464 3458 publica
481 3379 653 3457 privatave
666 3377 943 3441 administranda.
958 3379 1090 3442 Atticus
1105 3398 1184 3443 vero
1199 3398 1267 3443 non

141 3479 220 3540 talis
240 3477 374 3556 ingenio
394 3477 426 3538 et
446 3475 597 3537 moribus
616 3476 870 3550 obversabatur,
887 3477 940 3538 cui
959 3477 1179 3540 consiliorum
1198 3497 1270 3541 rno-

142 3577 286 3638 destiam
302 3577 334 3637 et
353 3577 485 3636 cautam
499 3575 576 3636 vitae
592 3574 756 3635 rationem
771 3591 808 3636 ac
826 3574 914 3636 viam
929 3577 1158 3639 commendari
1174 3579 1269 3640 dece-

143 3677 203 3738 ret.
222 3673 359 3744 Quoties
375 3691 394 3734 a
409 3672 568 3734 Cicerone
587 3672 657 3733 haec
677 3673 853 3751 proverbia
872 3677 1192 3750 commemorantur,
1209 3678 1269 3738 aut

143 3772 320 3835 asummis
337 3772 441 3834 labris
459 3771 579 3846 fluunt,
599 3789 665 3832 non
682 3788 724 3833 ex
740 3771 808 3833 imo
828 3775 959 3850 pectore
976 3777 1190 3852 promuntur,
1207 3778 1265 3837 aut

143 3873 178 3946 in
193 3871 336 3950 alicujus
352 3887 406 3933 res
422 3871 454 3932 et
469 3869 555 3931 lacta
567 3871 734 3948 aptantur,
748 3871 805 3932 aut
821 3869 861 3932 ab
877 3871 949 3950 ipso
965 3872 1127 3950 tanquam
1141 3873 1270 3949 detrec-
1372 3950 1377 3960 .

143 3969 244 4031 tanda
259 3970 479 4048 respuuntur.

148 4071 151 4127 j
176 4065 271 4153 ἸἈλις
283 4067 375 4147 δρυὸς,
390 4065 473 4127 satis
485 4082 628 4144 quercus
642 4083 649 4124 :
662 4065 701 4126 de
715 4065 834 4144 priscis
847 4065 1055 4141 hominibus,
1068 4067 1126 4146 qui
1140 4067 1267 4131 relictis
1293 4062 1296 4069 ’

145 4155 321 4244 glandibus
339 4163 493 4242 frugibus
510 4162 743 4225 vescebantur.
765 4163 891 4225 «Dices
908 4163 1048 4226 fortasse
1066 4183 1073 4225 t
1092 4165 1267 4246 dignitatis
