2828 4808
694 309 863 411 1⁶50·

340 443 449 505 Αὐτίκα
462 445 516 526 γάρ
531 465 573 506 ται
590 445 685 506 ἔπειτα
701 443 760 522 μεθ’
771 441 901 527 Ἕκτορα
914 447 1022 524 πέτμσς
1038 449 1164 526 ἕτσιμσς,

221 562 320 649 matri
336 587 408 668 ipse
422 587 619 668 respondit:
683 653 697 678 ·.

341 720 441 788 αὔπίκα
454 723 594 800 τεθναίην,
611 721 671 784 ἐπεὶ
687 721 736 784 οὔκ
752 722 795 804 ἄρ’
807 722 931 801 ἔμελλον
947 723 1052 805 ἑταίρῳ
1111 738 1113 742 “

337 823 504 903 κτεινομένῳ
521 821 670 899 ἐπαμῦναι.

220 968 308 1040 Quid
328 970 357 1032 si
374 976 448 1032 'non
469 971 572 1052 ἑταίρῳ
589 933 711 1045 solum,
729 972 789 1034 sed
808 971 909 1034 etiam
925 972 1068 1056 εὔεργέτῃ,
1085 973 1182 1048 adde,
1199 974 1261 1036 tali
1273 975 1340 1037 viro

219 1066 320 1129 talem
344 1085 481 1129 oausam
502 1068 635 1148 agenti?
658 1084 717 1149 ego
746 1086 823 1131 vero
846 1068 1049 1132 baecoffieIa
1074 1072 1257 1134 mercanda
1278 1073 1342 1135 vita

219 1167 332 1244 putea
354 1189 365 1222 ν

259 1306 383 1370 Gloriae
405 1309 437 1370 et
460 1308 596 1370 virtutis
620 1310 782 1389 tanquam
809 1309 910 1373 ludus
936 1309 1089 1373 Ciceroni
1103 1313 1146 1374 -et
1171 1311 1342 1374 veteribus

220 1405 349 1468 exstitit
363 1405 445 1468 illas
462 1425 469 1467 :

262 1563 273 1594 ι
291 1540 368 1603 Non
380 1540 500 1620 opinor
510 1558 584 1603 esse
598 1541 823 1604 dubitandum
837 1542 921 1621 quin
935 1559 1067 1624 semper
1076 1543 1177 1606 nobis
1189 1544 1344 1606 videatur

217 1703 220 1707 ·
338 1680 391 1759 Εἷς
406 1684 503 1758 οἰωνὸς
519 1686 632 1766 ἄριστος
646 1685 795 1764 ἀμύνεσθαι
811 1686 874 1769 περὶ
891 1688 1032 1770 πάτρηςέ.
1054 1712 1065 1744 ν

338 1781 465 1861 (Unum
481 1783 660 1862 augurium
677 1774 854 1864 op'timum,
871 1802 1020 1865 pugnare
1035 1802 1095 1867 pro
1110 1785 1249 1866 patna.)

256 1941 306 2004 De
321 1940 482 2021 Pompeio
498 1945 612 2004 autem
628 1942 755 2006 Urbem
776 1943 989 2023 relinquente
1004 1947 1081 2007 ante
1096 1944 1127 2007 J.
1146 1944 1318 2034 Gaesarem
1334 1963 1342 2006 :

218 2063 229 2094 ι
249 2040 293 2101 At
308 2040 398 2101 idem
412 2040 563 2101 Perleles
576 2057 643 2102 non
658 2036 776 2103 feeit,
790 2059 866 2103 oum
880 2044 1000 2121 praeter
1012 2043 1137 2104 moenia
1151 2042 1239 2104 nibil
1254 2046 1343 2105 lene-

215 2141 276 2211 ret,
294 2139 325 2199 et
347 2137 455 2199 nostri
467 2138 557 2199 'olim
576 2137 664 2200 Urbe
677 2139 811 2218 ⁴reliqua
831 2143 926 2219 capta
941 2157 1053 2202 arcem
1066 2140 1181 2202 tamen
1198 2141 1344 2202 retinue-

149 2250 152 2259 ·
215 2239 294 2297 runt
312 2254 319 2296 :

335 2336 407 2395 οὕτω
422 2357 474 2397 πσιν
488 2337 606 2416 πρόσθεν
621 2333 796 2415 έπευθέμεθα
809 2338 885 2398 κλέα
900 2336 1037 2419 ἀνδρῶνῧ.
1058 2360 1069 2392 ν

255 2475 321 2550 (Sic
343 2476 411 2539 fere
436 2494 553 2539 eorum
577 2477 635 2556 qui
660 2479 737 2539 ante
760 2478 919 2541 vixerunt
941 2479 1091 2542 virorum
1116 2479 1339 2542 audiebamus

214 2574 357 2655 laudes)

253 2673 333 2736 Haec
355 2676 468 2737 autem
488 2673 691 2754 compluries
715 2678 890 2738 recurrunt
912 2675 948 2737 in
971 2675 1135 2756 epistolis,
1160 2675 1234 2739 sive
1258 2678 1336 2751 tota,

214 2772 285 2833 sive
316 2774 505 2848 decurtata,
530 2773 603 2835 sive
631 2773 807 2854 paululum
833 2774 1028 2850 immutata,
1058 2791 1133 2854 quae
1163 2775 1275 2854 primo
1304 2774 1336 2836 in

212 2873 337 2948 quanta
353 2872 490 2933 secundi
508 2871 662 2933 incidunt
681 2890 688 2932 :
1337 2860 1341 2869 ’

335 3039 346 3069 ι
368 3000 505 3093 λίδεέμαι
522 3019 622 3097 Τρῶας
636 3016 684 3077 καὶ
699 3016 836 3096 Τρωάδας
852 3017 1077 3090 ἑλκεσιπέπλους

332 3114 472 3190 (Vereor
486 3112 649 3191 Trojanos
664 3112 874 3192 etTrojanas
889 3113 1003 3192 peplos
1018 3113 1219 3192 trahentes)

255 3296 266 3327 ι
292 3270 380 3342 Quid
398 3272 489 3334 enim
504 3272 611 3334 nostri
627 3273 817 3352 optimates,
835 3273 936 3353 siqui
953 3272 1072 3352 reliqui
1089 3275 1181 3347 sunt,
1198 3272 1332 3352 loquen-

213 3370 328 3432 tur‘l...
1032 3393 1034 3398 ·

330 3479 518 3556 Πευλνδαὶμας
533 3501 579 3557 pu
594 3485 705 3560 πρῶτος
720 3479 872 3560 ἐλεγχείην
889 3479 1021 3554 ἀναθήσει

331 3577 548 3657 (Polydamas
564 3576 647 3637 mibi
662 3575 794 3654 primus
809 3576 969 3656 probrum
985 3574 1146 3654 objimet.)

251 3716 331 3778 Cato
345 3715 400 3777 ille
417 3717 530 3778 noster
544 3716 601 3795 qui
619 3715 702 3776 mihi
717 3732 806 3776 unus
822 3717 872 3776 est
887 3716 1095 3796 prouentum
1112 3711 1297 3776 millibus⁴.
1314 3733 1324 3766 ν

245 3926 271 3979 l.
288 3927 335 3978 Ad
350 3926 422 3992 Au,
438 3925 489 3988 IX,
505 3925 532 3991 5,
544 3924 577 3989 3;
594 3922 702 3988 Iliae,
718 3924 762 3988 18,
778 3924 823 3978 96.
836 3954 869 3961 -
880 3923 906 3978 2.
924 3921 1272 3990 lhid.,11‚3‚3;ltiao.,
1286 3919 1324 3985 12,

209 4011 271 4066 243.
288 4041 322 4049 -
336 4010 363 4064 3.
379 4011 427 4064 Ad
448 4013 521 4075 Aac,
536 4011 607 4075 VII,
626 4011 670 4075 11,
691 4011 724 4068 3;
742 4012 852 4071 litora,
874 4010 900 4073 9,
917 4010 979 4065 524.
994 4041 1028 4047 -
1043 4009 1069 4063 1.
1091 4009 1263 4076 Bullinum,
1276 4006 1323 4069 VI,

114 4100 116 4104 ’
207 4095 271 4162 lla,
287 4099 316 4149 et
329 4095 426 4162 XXII,
440 4096 506 4159 1003
523 4099 565 4149 acl
576 4097 649 4162 nu,
666 4096 704 4159 II,
720 4096 747 4158 5,
762 4094 795 4161 1;
812 4095 878 4158 VII,
893 4094 919 4159 1,
936 4095 986 4162 143
1001 4093 1067 4156 VII,
1080 4093 1125 4160 12,
1141 4092 1160 4149 3
1168 4109 1176 4161 ;
1193 4092 1274 4159 VIII,
1285 4088 1322 4153 16,

208 4181 239 4247 2;
256 4181 338 4244 XIII,
353 4180 397 4246 13,
413 4181 445 4244 2;
462 4181 545 4244 XIII,
561 4181 606 4234 21.
1059 4190 1061 4198 ’
