2828 4808
514 945 721 1010 DECIMUM
744 947 903 1010 CAPUT.

160 1252 208 1295 DE
229 1249 357 1295 GRAEGIS
382 1248 566 1295 VOCABULIS
588 1249 629 1294 OB
650 1248 874 1295 SUBTILIOREM
895 1213 1028 1295 suasum
1051 1251 1248 1298 usURPffls.
1341 1240 1343 1246 ¹

183 1622 338 1686 inlibris
359 1621 512 1684 tullianis
532 1621 573 1684 de
589 1621 756 1684 rhetorica
769 1622 823 1684 vel
838 1623 878 1684 de
897 1622 1110 1704 philosophia
1135 1624 1269 1704 scriptis

141 1722 249 1784 lector
268 1720 446 1800 aliquoties
464 1721 616 1800 queritur
630 1721 731 1799 quod,
751 1721 839 1782 inter
853 1720 1033 1783 verborum
1050 1722 1272 1785 circumlocu-

141 1821 254 1882 tiones
275 1820 307 1881 et
328 1820 425 1898 plura
444 1818 535 1880 idem
556 1818 781 1897 significantia
800 1818 978 1895 voeabula,
1001 1819 1174 1900 scriptoris
1195 1839 1272 1883 sen·

142 1918 248 1980 tentia
274 1916 332 1978 fiat
356 1916 531 1978 ohscurior
550 1918 582 1978 et
603 1915 741 1977 dubia1.
766 1917 889 1978 Utrum
908 1908 1060 1979 Ciceroni
1082 1935 1123 1980 an
1147 1919 1271 1999 lingum

143 2014 247 2077 natali
272 2013 408 2076 crimini
433 2013 633 2075 vertendum
657 2013 691 2074 id
718 2013 840 2075 uitium
866 2014 1025 2076 videtur?
1049 2016 1141 2077 Num
1165 2017 1269 2093 idern,

143 2113 417 2193 quandoquidem
439 2112 543 2174 alium
559 2114 591 2174 et
613 2112 768 2175 ditiorem
784 2122 975 2175 sermonem
991 2113 1025 2174 in
1049 2132 1150 2176 manu
1166 2116 1270 2191 tenet,

145 2208 251 2270 nihilo
268 2207 381 2268 minus
398 2207 563 2269 obscurus
580 2207 655 2269 esti

183 2305 219 2368 Si
242 2322 426 2385 graecarum
449 2305 536 2385 apud
556 2304 602 2366 M.
624 2305 775 2375 Tullium
795 2305 981 2368 dictionum
1003 2307 1071 2370 vim
1094 2311 1126 2372 et
1145 2309 1273 2390 signifi·
1342 2328 1345 2334 ·

143 2405 310 2466 nationem
339 2403 516 2483 diligenter
540 2403 775 2483 perpenderiS‚
804 2421 1034 2484 saepenumero
1062 2410 1271 2488 compertum

143 2501 284 2568 habebis
305 2519 379 2564 eam
398 2501 578 2564 dictionem
604 2519 743 2563 sensum
766 2503 934 2581 quendam
958 2503 1077 2566 afferre
1099 2505 1157 2584 qui
1181 2523 1270 2567 unus

143 2601 232 2663 iuter
256 2600 362 2662 multa
385 2599 438 2662 vel
462 2600 567 2662 latina
592 2600 644 2662 vel
671 2617 777 2680 graeca
803 2601 968 2663 voeabula
993 2619 1069 2664 oum
1095 2604 1271 2684 scriptoris

143 2698 312 2763 sententia
333 2697 506 2777 aptissime
521 2699 700 2778 ¹congruat.

188 2795 320 2873 Ἀκηδία.
349 2819 360 2851 ι
386 2795 436 2858 De
458 2796 584 2871 Attica,
607 2797 742 2876 optime.
769 2793 890 2873 Ἀκηδία
912 2799 970 2860 tua
997 2816 1050 2861 me
1071 2802 1184 2863 movet
1204 2800 1282 2863 etsi¹

142 2895 264 2957 sorihis
281 2895 367 2956 nihil
383 2911 468 2957 esse.
491 2918 502 2951 a
525 2893 647 2971 Ἀκηδία
662 2896 713 2956 est
732 2897 846 2974 torpor
861 2896 997 2975 quidam
1016 2897 1069 2959 vel
1087 2915 1126 2959 ea
1145 2899 1270 2961 meniis

142 2992 291 3054 conditio
307 3009 381 3071 quae
397 2992 489 3055 nulla
504 3010 538 3055 re
554 2995 797 3068 commovetur,
813 2993 922 3065 morbi
937 2993 1097 3058 instantis
1113 3014 1270 3058 nonnun-

141 3107 244 3169 quam
260 3090 424 3152 indicium
437 3092 461 3152 ².
478 3089 606 3152 Gallice
624 3115 634 3146 a
656 3090 860 3154 abattement
880 3115 905 3152 a.

187 3186 376 3268 Ἀλογίστως.
395 3213 406 3244 ι
429 3187 526 3261 Quod
541 3189 570 3250 si
586 3189 649 3251 iste
665 3188 798 3251 ltaliam
814 3189 997 3271 relinquet,
1016 3191 1114 3253 faciet
1130 3192 1269 3255 omnino
1361 3196 1363 3199 ’

141 3287 241 3360 male,
257 3290 300 3360 et,
317 3289 354 3348 ut
374 3304 434 3366 ego
450 3287 619 3359 existimo,
637 3289 830 3367 ἀλογίστωςθ.
854 3312 864 3343 a
883 3286 979 3359 Quod
999 3291 1160 3369 ἀλογίστως
1179 3291 1266 3351 idem

141 3384 229 3446 valet
244 3386 333 3464 quod
354 3409 365 3440 ι
384 3385 477 3447 nulla
496 3385 637 3457 ratione,
654 3403 695 3447 ne
713 3386 854 3448 minima
870 3387 1019 3465 quidem.
1037 3386 1164 3449 Gallice
1183 3411 1193 3443 a
1214 3388 1270 3449 de-

140 3483 449 3546 raisonnahlement
471 3508 496 3545 t.

185 3579 406 3657 Ἀναπάντητον.
431 3604 442 3636 α
461 3581 543 3644 Inde
564 3582 628 3646 iter
647 3601 713 3662 qua
734 3583 879 3645 maxime
896 3584 1087 3660 ἀνκπάντητον
1106 3586 1206 3658 esset,
1225 3584 1268 3644 ad

141 3696 232 3741 mare
248 3695 408 3758 superum
420 3679 557 3741 remotis
573 3681 644 3743 sive
661 3682 799 3742 omnino
815 3680 1115 3743 missislictorihus
1126 3678 1151 3742 ⁴.
1168 3705 1179 3736 »
1194 3680 1268 3751 Qua

140 3792 238 3838 nemo
256 3777 374 3838 viatori
390 3778 545 3839 occurrit.
563 3777 691 3842 Gallice
708 3778 807 3843 nihil.

184 3872 413 3952 'Arutouatnroa
437 3899 448 3931 ι
470 3875 561 3939 Nihil
577 3893 636 3956 ego
656 3877 724 3939 vidi
743 3880 813 3940 iam
833 3879 1047 3955 ἀνηθοποίητον,
1064 3894 1222 3939 aversum
1245 3896 1265 3939 a

173 4087 200 4142 1.
220 4088 265 4144 Cf.
291 4089 445 4157 Causeret
465 4104 513 4159 op.
535 4088 586 4146 eit.
612 4090 741 4157 Introd,
764 4107 813 4160 ru,
834 4092 877 4147 14.
902 4122 936 4130 -
955 4091 982 4147 2.
1007 4093 1058 4146 Ad
1089 4093 1160 4158 att,
1189 4093 1258 4161 XII,

138 4172 181 4240 45,
198 4174 223 4239 l,
241 4177 303 4228 not.
321 4174 428 4229 Bootii.
443 4207 478 4214 -
491 4175 518 4230 3.
536 4174 625 4244 Ibid,
642 4177 694 4237 ΙΧ,
711 4177 755 4242 10,
772 4179 797 4232 1.
815 4177 890 4232 -1,
907 4177 996 4246 Ibid.‚
1014 4179 1065 4246 IX,
1083 4179 1111 4246 1,
1130 4178 1158 4234 3.
