2828 4808
713 460 752 476 ..
772 432 793 491 4
815 460 852 476 ..
1301 510 1303 514 ὗ

213 578 317 624 unam
337 555 410 624 rem
432 560 638 642 significent,
664 562 804 624 eandem
831 579 909 625 vero
933 580 1041 625 unum
1064 579 1230 644 graecum3
1255 581 1339 625 num

214 659 314 723 tlores
334 677 401 722 non
417 660 628 739 distinguant
646 677 837 723 sermonem
854 660 1010 736 latinum,
1029 661 1201 742 pigmenta
1223 664 1338 724 autem

213 776 358 838 graeeum
373 759 531 833 colorent,
548 759 580 821 et
597 758 728 820 lumina
748 759 918 821 illustrent
935 777 942 820 :
959 776 1062 839 quare
1079 776 1208 839 graecus
1224 777 1337 823 sermo

213 873 290 917 cum
305 873 444 919 romano
460 856 558 919 nobis
573 856 719 935 quodam
741 857 839 919 modo
855 857 919 919 erit
932 856 1169 919 conferendus,

253 953 396 1016 Externi
414 953 565 1034 cujusvis
582 954 749 1017 sermonis
769 955 919 1017 studium
940 957 972 1017 et
988 972 1073 1016 usus
1089 957 1233 1034 quantas
1247 955 1284 1017 in
1301 973 1338 1018 se

212 1052 354 1115 virtutes
376 1052 508 1128 habeat,
529 1052 600 1115 sive
620 1052 662 1114 ad
682 1053 829 1134 patrium
851 1070 1042 1116 sermonem
1064 1053 1251 1129 ditandum,
1275 1071 1344 1116 seu-

213 1150 255 1212 ad
276 1150 415 1213 alendas
435 1151 561 1231 ingenii
585 1150 674 1213 vires
694 1152 726 1213 et
747 1151 932 1230 augendae,
953 1151 1142 1230 complures
1167 1152 1232 1213 viri
1256 1155 1289 1214 et
1311 1152 1337 1214 ii

213 1249 336 1312 eruditi
365 1266 595 1329 saepenumero
622 1250 837 1329 collegerunt.
865 1248 1016 1321 Quorum
1046 1249 1088 1311 ad
1118 1249 1217 1312 effata
1245 1250 1338 1312 locu-

211 1347 334 1426 pletem
361 1350 482 1411 testem
505 1347 656 1410 Tullium
683 1349 715 1410 et
740 1365 937 1429 pergravem
961 1349 1131 1410 auctorem
1155 1348 1334 1425 addemus,
1386 1411 1394 1424 ,

212 1445 335 1526 quippe
348 1445 446 1525 cujus
465 1445 500 1507 in
516 1445 674 1530 operibus*
687 1447 876 1509 discernere
896 1446 940 1508 sit
956 1445 1015 1524 qui
1033 1446 1065 1508 et
1080 1444 1191 1524 qualis
1205 1449 1238 1509 et
1252 1463 1336 1526 quo-

211 1545 267 1605 tus
292 1533 422 1605 fructus
448 1560 490 1606 ex
511 1543 568 1605 illa
592 1544 831 1607 exercitatione
856 1545 888 1606 et
911 1543 1053 1606 scientia
1079 1543 1120 1606 ab
1146 1543 1336 1623 ingeniosis

160 1666 164 1672 ·
211 1644 311 1720 atque
331 1640 549 1721 diligentibus
569 1642 840 1705 adolescentibus
859 1641 985 1723 percipi
1004 1641 1123 1722 possit.

251 1737 376 1801 Graecae
402 1742 515 1804 autem
541 1740 661 1802 litterae
689 1743 720 1803 et
748 1740 863 1820 lingua
888 1741 930 1802 ad
956 1738 1181 1820 effingendam
1208 1741 1336 1804 mentis

211 1837 455 1901 humanitatem
471 1839 631 1901 eximiam
644 1839 820 1902 valeantne
836 1855 959 1913 annon,
973 1837 1182 1917 grammatici
1195 1839 1335 1917 quidem

212 1952 279 1998 non
295 1935 366 2015 jam
386 1936 475 1999 inter
495 1953 530 1998 se
550 1939 692 2012 certant,
714 1953 861 1999 necnon
881 1936 989 1998 adhuc
1012 1938 1124 1998 tamen
1150 1936 1248 2015 quasi
1268 1939 1334 2001 sub

206 2033 321 2113 judice
335 2034 378 2096 lis
396 2037 458 2098 est.
477 2033 591 2097 Cicero
605 2035 704 2098 nobis
720 2034 868 2114 insignia
883 2035 1083 2096 documenta
1096 2050 1156 2096 nec
1174 2051 1335 2114 superve-

209 2132 563 2213 caneasuppedItabit.
952 2145 954 2148 ·
