2828 4808
716 325 854 386 ..2-

220 473 308 519 mus
324 457 418 520 idem
433 457 503 520 haeo
517 457 670 521 Platonis
685 462 842 534 Meneni..
855 459 926 522 247.
943 462 1019 521 πᾶσά
1036 460 1204 538 τ’ἐπιστήμη
1220 463 1347 541 >pupils-

218 559 286 633 μὲνη
311 557 486 634 δικαιοσύνης
507 557 555 618 nni
579 564 630 634 τῆς
656 557 752 635 ἄλλης
779 558 898 639 ἀρετῆς,
924 559 1090 639 πανουργία,
1118 557 1186 618 ἀλλ’
1205 557 1235 641 od
1262 559 1348 641 coptu

215 655 351 736 priverni,
368 653 417 716 sic
431 655 530 718 vertit
545 655 687 727 scientia
702 673 776 734 quae
794 656 845 717 est
866 657 994 717 remota
1010 655 1050 718 ah
1067 654 1202 735 justitIa
1218 655 1349 716 callidi-

218 755 270 813 tas
284 752 515 832 potiusquam
530 752 698 832 sapientia
715 755 766 815 est
781 752 1007 832 appellanda1.
1028 777 1039 808 »

257 850 374 932 Itaque
392 851 602 932 amplissimo
618 851 653 914 in
674 851 732 915 illo
748 869 863 933 graecae
878 851 1002 932 linguae
1024 856 1200 915 Thesauro
1214 851 1257 914 H.
1275 851 1349 914 ste-

217 948 320 1029 phani
341 950 435 1013 adest
451 950 552 1013 etiam
570 950 719 1014 Lexicon
742 968 926 1032 graecorum
942 951 1122 1014 verborum
1138 968 1213 1030 quae
1228 950 1347 1013 Cicero

220 1048 401 1110 transtulit.
427 1049 462 1111 Is
485 1048 607 1128 quide
631 1047 677 1110 M.
704 1048 742 1110 T.
769 1047 928 1112 Cicerone
953 1066 1138 1129 graecorum
1162 1048 1346 1129 interprete

218 1144 355 1208 disserit
368 1136 478 1226 prima
493 1146 537 1209 H.
554 1146 717 1226 Stephani
732 1146 875 1227 vestigia
891 1147 1056 1227 sequitur.

204 1315 205 1320 .
257 1243 308 1306 De
322 1247 371 1306 M.
394 1248 428 1306 T.
451 1247 616 1307 Cicerone
631 1260 832 1320 praeerant
852 1247 1047 1320 interprete
1067 1245 1191 1308 thesim
1210 1261 1345 1309 summa

217 1339 441 1420 diligentiaV.
453 1340 566 1404 Clavel
577 1341 776 1422 composuit.
788 1342 961 1405 Accedunt
972 1343 1073 1405 etiam
1083 1343 1148 1405 Ioci
1158 1360 1344 1424 graecorum

217 1441 392 1502 auctorum
407 1456 485 1502 cum
499 1439 537 1502 T.
554 1438 728 1502 Ciceronis
742 1440 1091 1520 interpretationibus,
1109 1442 1141 1502 et
1155 1439 1344 1502 CIoercnia-

217 1555 300 1600 num
321 1538 453 1601 lexicon
475 1537 775 1618 graeco-latinum2.
797 1537 924 1610 Quaerit
945 1538 1047 1618 igitar
1066 1538 1107 1601 V.
1124 1537 1239 1601 Clavel
1259 1555 1342 1599 num

216 1636 282 1698 alla
301 1637 401 1700 fuerit
424 1637 566 1701 elocutio
583 1637 737 1700 Ciceroni
754 1654 845 1712 suas,
862 1637 927 1699 alia
942 1637 1137 1700 Graecorum
1157 1637 1344 1699 sententias

216 1735 429 1815 exprimenti,
453 1737 637 1816 quantique
658 1735 820 1798 momenti
841 1734 943 1798 fuerit
966 1735 1197 1816 adaugendas
1218 1735 1344 1798 littera-

216 1850 291 1895 rum
313 1849 394 1914 opes
415 1835 520 1897 latina
544 1850 730 1914 graecorum
762 1851 901 1915 operum
926 1833 1167 1915 interpretatio.
1192 1833 1341 1904 Lexicon

215 1933 328 1994 autem
345 1949 387 1994 ex
402 1932 507 1995 variis
527 1950 713 2012 graecorum
730 1932 814 1995 locis
834 1949 853 1994 a
874 1931 920 1994 M.
937 1931 975 1994 T.
999 1931 1159 1994 Cicerone
1182 1931 1344 2012 interpre-

213 2029 292 2091 tatis
312 2029 480 2110 colligitur
490 2031 512 2093 ³.
528 2021 734 2110 Frequentia
753 2032 866 2092 autem
888 2030 945 2091 illa
964 2046 1071 2110 graeca
1086 2047 1160 2109 quae
1182 2036 1250 2092 non
1269 2047 1343 2092 ver-

110 2207 113 2211 ,
213 2130 289 2190 tens
306 2128 421 2191 Cicero
443 2120 592 2191 sermoni
618 2146 680 2192 suo
701 2128 819 2204 latino,
836 2130 869 2191 et
892 2129 928 2190 in
952 2128 1029 2191 aliis
1049 2128 1184 2208 scriptis
1205 2130 1236 2190 et
1260 2145 1342 2207 prae-

213 2225 330 2288 sertim
349 2225 385 2288 in
408 2227 560 2308 epistolis
584 2227 740 2302 inculcat,
764 2226 808 2289 H.
832 2226 1021 2306 Stephanus
1044 2228 1076 2289 et
1099 2225 1141 2288 V.
1164 2225 1279 2288 Clavel
1299 2243 1342 2306 ex

212 2324 381 2405 proposito
399 2325 570 2388 omittunt.

251 2421 368 2486 Graeca
387 2424 512 2498 omnia,
532 2426 564 2486 et
585 2440 623 2486 ea
643 2441 718 2503 quae
738 2422 911 2486 transtulit
932 2422 976 2484 M.
998 2421 1132 2484 Tullius
1152 2424 1185 2484 et
1204 2438 1243 2484 ea
1264 2439 1339 2502 quae

211 2537 278 2582 non
292 2520 477 2596 transtulit,
486 2522 631 2603 ‚primus
651 2521 830 2583 Ernestius
851 2520 886 2583 in
903 2523 1005 2583 Ciooe
1023 2523 1255 2583 Ciceroniana
1274 2521 1340 2583 ccl·
1362 2567 1365 2572 -

209 2617 304 2698 legit,
326 2636 428 2698 quam
449 2620 662 2683 emendatam
687 2618 791 2682 edidit
811 2619 842 2680 J.
865 2620 905 2682 V.
929 2618 1075 2694 Lentem,
1099 2618 1187 2681 inter
1208 2617 1338 2681 indicos

208 2715 446 2780 Ciceronianos
477 2719 553 2798 post
582 2717 839 2781 Ciceronianam
866 2716 1018 2796 ejusdem
1049 2715 1230 2778 editionem
1259 2733 1336 2778 cum

80 2813 84 2821 '
208 2814 481 2895 interpretatione
505 2816 624 2896 gallica
644 2814 826 2898 prolatos⁴.
849 2815 901 2877 Ibi
925 2830 1032 2895 graeca
1050 2831 1125 2892 quae
1149 2832 1217 2876 non
1235 2814 1337 2877 vertit

86 2983 88 2986 ,
207 2912 335 2988 Cirero,
358 2912 536 2976 Ernestius
557 2914 641 2995 ipse,
665 2914 796 2994 prImus
821 2913 909 2975 iuter
930 2929 1059 2988 omnes,
1083 2912 1198 2975 latinis
1221 2912 1336 2975 verbis

206 3009 455 3091 Interpretatur,
478 3029 579 3090 quem
604 3011 673 3074 iere
698 3028 760 3074 nos
785 3010 971 3091 sequimur.
999 3009 1074 3073 Non
1103 3012 1217 3073 autem
1243 3009 1336 3073 locos

205 3107 366 3170 tuthanos
382 3099 553 3186 exscribit,
567 3106 800 3172 tantummodo
825 3109 937 3170 monet
952 3107 1092 3185 ubinam
1108 3125 1166 3172 eos
1186 3107 1336 3188 reperias

206 3209 238 3268 et
253 3206 357 3286 legas.

244 3303 421 3367 Orellianae
429 3302 587 3367 editionis
600 3304 635 3366 in
645 3307 761 3368 octavo
776 3304 968 3367 volumme⁵
981 3304 1071 3367 inest
1080 3308 1194 3366 Indeee
1204 3320 1334 3380 yi'oeco-

204 3405 349 3466 latinns.
369 3403 419 3466 De
438 3421 503 3483 quo
523 3402 669 3466 Oreliius
685 3403 721 3466 in
740 3402 961 3483 praefatione⁶
979 3402 1060 3465 dicit
1077 3421 1084 3463 :
1103 3426 1114 3458 ι
1134 3403 1184 3464 De
1201 3402 1331 3483 integro

202 3501 390 3581 composuit
405 3501 560 3563 Baiterus
576 3519 685 3576 meus,
702 3501 868 3576 consulto,
888 3502 924 3563 at
939 3518 1000 3582 par
1016 3502 1097 3574 erat,
1114 3498 1330 3574 Ernestianm

201 3614 221 3659 a
235 3616 302 3678 quo
318 3616 356 3660 eo
373 3599 519 3661 maxime
535 3599 673 3662 nomine
687 3599 809 3676 differt,
823 3599 913 3679 quod
928 3599 993 3661 loci
1009 3597 1142 3660 tulliani
1156 3597 1222 3659 huc
1238 3615 1334 3678 spec-

200 3699 309 3760 tentes
324 3697 483 3760 omnihus
501 3697 613 3760 verbis
637 3689 797 3779 exscripti
819 3700 910 3760 sunt.
932 3723 943 3754 ι
965 3698 1042 3761 Non
1057 3714 1175 3760 omnes
1188 3696 1328 3776 quidem

198 3795 262 3858 loci
280 3795 412 3858 tulliani
428 3796 680 3872 exscribuntur,
697 3797 758 3860 sed
772 3796 937 3877 plerique.

234 4028 260 4083 1.
282 4027 425 4095 Londini,
442 4045 472 4101 p.
491 4029 572 4086 8538.
586 4059 619 4070 -
631 4029 657 4085 2.
675 4028 834 4097 Hachctte‚
850 4029 930 4096 1868,
948 4029 1039 4086 1884.
1053 4058 1088 4070 -
1101 4027 1128 4085 3.
1149 4027 1280 4084 313878.
1291 4057 1326 4070 -

196 4113 223 4169 4.
246 4111 386 4179 Parisiis,
410 4115 546 4181 Leievre,
566 4115 651 4182 1821,
672 4115 732 4170 voi.
746 4115 842 4171 XXX.
863 4116 967 4170 Index
987 4113 1239 4184 praeco-lniinns,
1259 4114 1327 4171 545

72 4251 74 4255 .
196 4198 259 4255 581.
276 4229 309 4238 -
324 4201 350 4256 5.
368 4199 481 4265 Turiol,
497 4199 577 4266 1831,
594 4199 655 4255 vol.
672 4199 754 4269 VIII,
770 4215 843 4271 pars
859 4199 963 4264 tertia,
979 4198 1072 4254 1-115.
1088 4227 1124 4240 -
1138 4199 1170 4254 6.
1186 4198 1220 4254 Ρ.
1237 4198 1323 4254 XIII.
