2828 4808
625 332 782 392 -5r,..

179 442 322 527 Diversa
334 481 375 526 ex
389 461 492 525 variis
508 461 616 542 poetis
631 463 782 525 carmina
796 462 945 542 protulit,
958 463 1031 524 sive
1046 463 1176 543 integra
1189 463 1257 524 loca

138 562 307 636 rescribit,
330 579 390 624 seu
416 578 454 622 ea
479 562 560 623 adeo
584 577 739 623 sermone
761 561 840 624 trita
867 562 947 623 sunt
968 562 1005 622 ut
1027 561 1061 621 in
1092 561 1258 640 proverbii

138 678 239 723 usum
254 659 450 721 transierint
465 660 497 720 11
512 658 745 738 mutilaatque
762 659 932 738 amputata
947 657 1099 721 celeriter
1113 675 1133 718 a
1148 661 1259 720 nostro

37 807 40 812 .
139 759 367 820 assumantur.
389 754 469 827 Quae
487 756 601 825 omnia
620 773 686 817 non
706 756 819 836 ipsum
838 755 964 818 librum
984 755 1188 836 pervolvens
1207 755 1260 817 1111

139 855 393 927 transcribebat,
415 854 475 917 sed
496 853 658 916 memoria
677 855 823 929 tenebat,
845 854 969 934 quibus
990 855 1137 915 mentem
1154 854 1225 933 jam
1245 871 1262 914 a

139 953 254 1034 pueris
289 953 525 1025 exornaverat,
558 969 633 1031 quae
660 969 764 1015 senex
797 953 906 1014 adbuc
943 955 1175 1014 reservaverat
1202 971 1210 1013 τ
1235 951 1262 1013 si

140 1051 273 1131 quando
289 1048 510 1112 difficillimus
524 1050 625 1111 fiebat
640 1050 851 1129 publicarum
868 1067 980 1111 rerum
996 1051 1118 1121 statue,
1135 1049 1164 1110 si
1182 1049 1263 1111 forte
1284 1059 1287 1067 ’

140 1151 330 1212 extremum
349 1148 517 1226 quoddam
537 1147 614 1210 vitae
634 1147 816 1210 discrimen
837 1148 1019 1220 incidebat,
1038 1148 1180 1209 aderant
1203 1150 1264 1208 sta-

140 1246 202 1309 tim
225 1246 266 1307 ad
291 1246 528 1308 sustinendum
550 1248 582 1307 et
606 1246 789 1325 regendum
812 1245 955 1308 filiolum
979 1247 1142 1323 tanquam
1169 1262 1265 1306 vene-

141 1345 237 1406 randi
264 1346 418 1424 parentes
445 1345 549 1422 poetae
574 1342 624 1403 illi
649 1359 767 1405 omnes
791 1343 905 1424 graeci,
930 1360 1074 1422 quorum
1102 1344 1266 1422 praecepta

141 1441 289 1516 colebat,
311 1441 518 1503 hortationes
540 1441 766 1514 auscultabat,
790 1440 932 1503 consilia
956 1439 1126 1518 relligioso
1149 1443 1265 1519 seque·

99 1570 100 1574 ¹
142 1539 253 1602 batur.

182 1637 291 1709 Quam
310 1637 510 1700 excellentes
530 1640 634 1718 poetae
651 1640 683 1701 et
703 1637 737 1699 in
760 1636 878 1717 primis
896 1654 997 1716 quam
1014 1636 1153 1697 divinus
1174 1638 1266 1698 vates

142 1737 322 1810 HomeruS,
340 1753 381 1798 ex
400 1753 466 1815 quo
486 1736 582 1815 quasi
603 1753 643 1798 ex
663 1736 753 1799 fonte
773 1735 912 1815 perenni
932 1735 1166 1814 profluxerunt
1188 1735 1265 1796 boni

143 1833 247 1896 animi
263 1836 294 1896 ot
309 1834 421 1913 gloriae
437 1834 569 1913 cupido,
586 1838 619 1897 et
635 1833 752 1896 mortis
768 1835 991 1912 contemptim,
1010 1833 1042 1894 et
1059 1832 1094 1893 in
1109 1832 1173 1894 hac
1190 1849 1269 1912 quo·

143 1932 270 1994 tidiana
289 1931 504 1994 dimicatione
525 1932 694 1994 contentio
712 1949 749 1993 ac
769 1930 964 2010 pertinacia,
986 1947 1028 1992 ex
1047 1946 1114 2009 quo
1138 1930 1268 2010 largum

143 2029 279 2091 virtutis
293 2031 410 2110 potum
428 2030 614 2092 hauserunt
631 2031 760 2092 veteres
775 2029 825 2090 illi
841 2028 936 2091 Graii
952 2027 1010 2107 qui
1029 2027 1129 2089 nobis
1144 2031 1269 2090 aeterna

143 2127 309 2189 dictorum
324 2130 356 2189 et
373 2126 558 2190 facinorum
574 2127 726 2207 exempla
742 2127 961 2201 tradiderunt,
978 2143 1078 2206 aquo
1094 2142 1268 2188 resumere

144 2225 234 2287 vires
253 2226 361 2287 adbuc
381 2228 523 2306 possunt
543 2227 570 2287 si
592 2243 666 2306 quae
686 2227 802 2306 gentes
822 2224 1003 2287 debilitatae
1023 2225 1104 2285 sunt
1126 2227 1269 2286 1111111-

144 2325 240 2398 vatae,
256 2323 352 2404 cujus
367 2341 433 2402 quo
449 2324 562 2403 plures
578 2324 707 2385 suntin
722 2323 856 2385 civitate
873 2323 1018 2401 quadam
1034 2321 1181 2384 studiosi
1201 2339 1271 2384 sec-

144 2424 280 2496 tatores,
297 2439 335 2484 eo
355 2421 524 2484 robustior
542 2422 579 2484 fit
595 2424 664 2485 tota
679 2422 810 2496 civitas,
827 2421 886 2501 qui
904 2421 1048 2499 denique
1068 2437 1160 2481 unus
1181 2419 1268 2481 inter

145 2536 261 2582 omnes
277 2520 399 2600 dignus
419 2522 529 2582 exstat
546 2521 604 2600 qui
621 2520 789 2600 praeclaris
804 2519 873 2582 illis
892 2518 1101 2581 carminibus
1120 2517 1267 2580 Romani

145 2617 243 2697 lyrici
262 2617 442 2680 extollatur
461 2636 468 2679 :

240 2769 295 2824 vOs
309 2773 446 2825 tenerum
460 2769 546 2842 pueri
561 2769 748 2840 balbumque
762 2773 851 2841 poeta
866 2769 987 2840 figurat.

251 2853 387 2926 Torquet
401 2855 439 2911 ab
454 2855 594 2910 obscenis
605 2855 671 2926 jam
686 2871 768 2910 nunc
784 2854 976 2910 sermonibus
993 2867 1111 2908 aurem.
1130 2854 1134 2863 '

253 2940 326 2994 Mox
344 2940 438 2995 etiam
451 2944 555 3012 pectus
570 2941 730 3012 praeceptis
745 2941 857 2995 format
874 2939 993 3004 amiciS,

254 3024 435 3095 Asperitatis
450 3028 479 3080 et
493 3024 618 3078 invidiae
633 3028 782 3079 corrector
796 3028 825 3078 et
843 3023 906 3078 irae.

256 3110 346 3165 Recte
363 3111 441 3166 facta
455 3110 554 3176 refert,
571 3109 699 3164 orientia
717 3112 856 3181 tempora
871 3108 951 3165 nolis

256 3195 385 3250 Instruit
400 3194 547 3266 exemplis
560 3197 579 3250 ¹.

188 3400 214 3455 1.
238 3401 357 3468 Horat,
373 3399 470 3472 Epist.
487 3400 527 3466 Il,
542 3400 568 3468 1,
586 3400 648 3456 126.
