2828 4808
572 354 734 428 ..17-

97 498 205 582 Cujus
221 500 271 564 rei
286 497 505 562 manifestum
520 499 712 580 exemplum
733 499 827 562 adest
842 516 850 560 ε
866 496 1016 560 carmina
1030 510 1104 577 quae
1119 507 1223 578 graece
1269 534 1271 538 ν

94 599 213 662 laudat
235 598 351 662 Cicero
371 597 407 660 in
430 597 593 679 epistolia,
610 598 727 660 eadem
746 597 850 661 latine
869 595 968 659 vertit
989 594 1025 657 in
1048 596 1224 660 rhetoricis

36 713 38 717 ·
94 697 255 777 scriptis:

139 819 150 852 ι
178 796 328 876 Turpe...
346 812 420 858 esse
432 796 555 870 tacere,
569 812 646 857 cum
659 795 860 858 barbaros...
874 795 1042 874 pateretur
1052 793 1192 857 dicere¹.
1211 817 1223 850 »

136 918 148 951 r
177 893 277 957 Nunc
291 911 371 956 vero
386 894 503 976 αἰσχρὸν
519 906 626 956 σιωπᾶν
647 918 658 951 r
677 893 809 975 (supple
826 895 982 976 βαρὸάρους
996 892 1070 955 δ’ἐᾶν
1083 893 1224 974 λέγεινῆ)

136 1016 147 1049 ι
178 991 306 1054 Eadem
335 1008 497 1054 mensura
526 993 703 1069 reddere...
734 1009 801 1071 qua
831 991 1012 1074 acceperis
1040 991 1224 1054 autetiam

92 1089 327 1166 cumulatiore,
344 1090 374 1152 si
387 1088 530 1169 possisi.
552 1113 563 1146 ι
1146 1115 1148 1119 ⁴

137 1212 148 1245 ι
174 1187 257 1269 Αὐτῷ
269 1198 309 1270 τῷ
324 1192 419 1271 μέτρῳ
432 1187 564 1268 (supple
577 1184 606 1251 εὖ
620 1187 809 1268 δἀποδοῦναι)
820 1188 869 1251 καὶ
880 1185 980 1267 tritico,
992 1189 1056 1250 αἴκε
1067 1188 1163 1266 δύνηαι
1171 1186 1194 1251 ⁴.
1212 1211 1223 1244 r

134 1287 212 1349 Non
239 1286 419 1366 omnigena
444 1285 547 1366 igitur
570 1285 743 1350 Ciceronis
769 1285 910 1366 scripta,
937 1302 1131 1366 quanquam
1157 1303 1225 1349 uno

94 1383 231 1465 ingenio
245 1383 388 1465 cogitata
401 1384 433 1447 et
449 1401 491 1472 ex
506 1384 623 1446 eadem
640 1401 743 1446 rnanu
759 1384 906 1464 delapsa,
921 1383 1038 1464 graecis
1051 1384 1225 1446 vocabulis

94 1482 375 1562 consperguntur,
386 1498 505 1561 neque,
518 1481 548 1543 si
563 1482 732 1561 quoddam
746 1498 853 1562 genus
868 1480 1092 1559 recensueris
1105 1499 1226 1544 unum·

94 1580 253 1660 quodque
276 1580 439 1660 scriptum
462 1579 516 1642 his
539 1580 638 1658 quasi
662 1580 814 1643 flosculis
833 1579 1002 1643 variatum
1025 1581 1224 1661 reppereris,

134 1677 400 1741 lucrationibus
421 1679 513 1740 totus
536 1677 660 1758 lingua
679 1680 776 1740 tenor
797 1677 984 1757 explicatur
1000 1678 1138 1740 omnino
1153 1677 1226 1740 lati-

94 1793 174 1852 nus.
190 1775 261 1838 sive
276 1775 312 1837 in
326 1775 506 1837 laudandis
522 1777 580 1837 aut
595 1775 827 1857 vituperandis
844 1775 1044 1838 bominibus
1065 1793 1119 1838 res
1132 1775 1226 1856 poni-

93 1876 161 1951 tur,
178 1890 239 1936 seu
256 1871 408 1936 'forenses
423 1875 514 1948 sunt,
531 1873 753 1954 popularesve
765 1890 888 1935 causae.
905 1871 971 1945 Qui
986 1873 1027 1936 de
1044 1873 1226 1954 praeteritis

79 1971 303 2052 ‚disceptabat
321 1971 464 2046 auditor,
481 1972 574 2034 velut
592 1971 709 2051 judex,
726 1971 818 2034 haud
835 1970 904 2035 scio
925 1988 966 2034 an
986 1989 1111 2052 graecas
1126 1989 1226 2036 voces

94 2069 306 2133 emittentem
321 2071 488 2132 oratorem
509 2086 576 2133 non
599 2071 689 2133 esset
711 2068 1006 2150 interpretaturus,
1028 2068 1093 2142 Qui
1113 2072 1226 2133 autem

94 2168 136 2231 de
163 2166 288 2230 futuris
314 2168 498 2243 statuebat,
526 2167 613 2231 sicut
640 2170 775 2230 senator
800 2168 853 2231 vel
877 2168 1034 2249 populus,
1060 2170 1226 2232 oratorem

93 2266 292 2346 culpaturus
312 2268 382 2328 erat
401 2267 433 2329 et
450 2266 717 2346 reprehensurus
731 2268 770 2328 ut
789 2267 829 2352 de
850 2267 1024 2347 majestate
1038 2269 1070 2329 et
1084 2267 1227 2330 auctori·
1335 2290 1337 2298 a

92 2367 163 2429 tate
185 2381 324 2427 romana
338 2363 604 2428 deminuentem.
620 2365 871 2429 Auscultatoris
887 2382 966 2428 vero
986 2364 1044 2446 qui
1063 2366 1105 2428 ad
1119 2365 1226 2429 oblec-

92 2465 286 2527 tamentum
300 2463 455 2539 advertit,
471 2480 572 2527 aures
592 2463 639 2526 ita
656 2464 864 2543 permulcere
885 2463 976 2544 cupit
998 2464 1113 2527 noster
1127 2465 1164 2526 ut
1184 2480 1227 2526 ex

92 2562 195 2644 pleno
212 2564 245 2625 et
264 2562 450 2649 abundanti
466 2561 557 2624 fonte
573 2579 635 2624 suo
651 2562 723 2642 ipse
747 2561 904 2626 hausisse
918 2561 1083 2637 videatur,
1100 2563 1226 2625 nedum

94 2660 227 2725 alienas
241 2662 274 2722 et
289 2662 445 2723 externas
461 2677 543 2741 opes
557 2660 624 2722 sibi
640 2662 823 2724 mutuetur.

137 2757 223 2830 Quis
245 2775 336 2834 vero,
363 2759 399 2820 in
425 2760 473 2821 tot
497 2758 624 2820 divinis
647 2758 850 2834 actionibus,
876 2758 1031 2822 intanta
1057 2759 1224 2822 sermonis

95 2856 263 2938 elegantia
282 2859 315 2920 et
333 2857 425 2920 tanto
446 2857 566 2932 nitore,
586 2858 656 2919 tarn
676 2856 840 2936 singulari
862 2856 1032 2934 facundia,
1054 2858 1226 2921 uberrima

95 2955 282 3036 etcopiose
301 2955 652 3036 circumscriptionum
673 2955 907 3036 amplitudine,
924 2956 1002 3036 quis
1023 2974 1174 3037 unquam
1195 2960 1228 3020 et

93 3053 296 3136 perpolitam
320 3056 352 3117 et
378 3053 608 3117 abundantem
632 3055 665 3117 et
692 3053 835 3117 nitidam
865 3054 1046 3119 Graiorum
1073 3055 1225 3135 linguam

96 3151 323 3216 desideravit?
345 3151 411 3214 Pro
433 3168 539 3232 graeco
563 3151 701 3232 quidem
723 3154 821 3232 poeta
842 3155 875 3216 et
898 3153 939 3216 dc
963 3152 1079 3233 graecis
1102 3153 1225 3216 litteris

95 3249 213 3313 habita
228 3249 333 3313 oratio
350 3248 514 3312 eximium
533 3248 683 3312 tullianae
698 3249 877 3313 latinitatis
895 3250 1086 3332 exemplum
1105 3252 1225 3327 exstat,
1317 3284 1319 3288 Α

96 3365 202 3428 quam
218 3347 346 3411 scilicet
361 3364 421 3428 pro
436 3347 477 3410 Α.
493 3347 625 3410 Licinio
643 3347 769 3411 Archia
783 3349 860 3428 egit.

136 3447 191 3509 Ex
210 3446 421 3510 orationibus
440 3447 475 3508 in
491 3446 632 3510 Verrem
653 3447 737 3510 actis
759 3463 864 3527 graeca
884 3446 986 3510 verba
1004 3447 1106 3527 plura
1128 3447 1226 3509 solito

96 3545 271 3625 excerpas.
296 3544 469 3608 Nimirum
495 3547 565 3607 tota
588 3561 689 3607 causa
719 3545 754 3606 in
783 3545 900 3625 graecis
928 3544 1031 3607 rebus
1058 3546 1224 3608 versatur.

96 3641 379 3722 Quandoquidem
393 3642 584 3706 Siculorum
598 3660 709 3705 mores
721 3642 875 3722 publicos
889 3660 926 3704 ac
941 3643 1090 3723 privatos
1102 3642 1226 3705 Verres

96 3742 306 3804 commutare
326 3758 431 3804 ausus
450 3744 520 3804 erat
540 3744 572 3804 et
590 3740 857 3822 perturbaverat,
875 3741 989 3803 callidi
1007 3744 1077 3804 erat
1094 3758 1227 3810 accusa-

98 3838 193 3915 toris,
218 3839 415 3902 eorumdem
438 3839 595 3902 instituta
619 3839 854 3915 describentis,
874 3838 1029 3920 proprias
1053 3841 1085 3902 et
1100 3838 1226 3901 siculas

96 3953 198 4000 voces
221 3936 346 4001 actioni
367 3937 547 4014 inculcare,
566 3939 603 4000 ut
621 3937 891 4019 judicesomnia
914 3937 986 4001 haec
1007 3954 1115 4018 neque
1138 3952 1226 4000 com-

133 4155 160 4214 1.
181 4157 224 4213 ne
238 4157 334 4226 orac,
350 4157 406 4225 111,
424 4157 470 4226 as,
484 4158 546 4213 ru.
561 4187 596 4200 -
608 4157 635 4214 a.
651 4160 699 4213 aa
716 4160 788 4224 rra,
800 4158 857 4225 vr,
872 4157 899 4228 a,
917 4158 944 4215 5.
960 4189 995 4198 -
1006 4157 1033 4214 a
1049 4141 1154 4223 arec..
1168 4157 1221 4227 iv,

98 4245 143 4303 15.
160 4245 207 4304 cr.
222 4249 261 4302 ue
276 4245 378 4317 offla,
394 4246 419 4313 1,
434 4247 478 4304 ra
493 4277 528 4287 -
541 4247 570 4303 a.
584 4249 632 4302 aa
646 4249 719 4314 arr,
734 4247 818 4316 xm,
834 4247 879 4316 la,
893 4246 922 4303 a.

1060 4381 1079 4438 2
