2828 4808
632 336 791 397 44-

149 466 329 530 titudinem
344 467 470 528 tumob
480 466 632 529 nominis
645 467 906 529 similitudinem
918 485 994 528 oum
1009 466 1067 528 illo
1081 465 1280 528 Crotoniata

150 563 344 644 comparat.)
360 565 485 625 Vereor
499 564 612 644 igitur,
631 567 667 626 ut
687 565 847 627 senseris.
869 565 956 627 Sane
971 564 1084 627 velim·
1096 562 1161 624 hoo
1181 562 1278 624 solus

150 663 303 742 explores
319 663 351 724 et
372 661 501 740 reliqua
516 663 551 723 in
570 665 642 726 tuto
663 666 801 744 ponas¹.
823 687 835 719 ν
851 663 927 725 Nisi
943 662 1001 741 qui
1017 661 1183 724 extrarias
1198 660 1278 722 illas

147 759 315 822 dictiones
340 761 505 845 pervolvit
524 763 556 823 et
575 761 761 841 perspexit,
784 778 882 823 nemo
904 760 1069 840 intelliget
1089 777 1277 838 quemnam

149 857 358 920 demonstret
374 858 488 920 Cicero
503 859 565 920 hoo
581 859 716 922 nomine
736 859 910 922 barbarico
930 859 965 921 in
986 859 1095 938 prima
1110 857 1248 937 septimi
1268 876 1275 918 :

149 955 331 1035 Dijungere
356 973 410 1019 me
434 956 475 1018 ab
499 956 556 1018 illo
581 957 656 1020 volo
684 975 691 1019 :
718 973 832 1019 merus
857 959 908 1020 est
923 959 1067 1039 ὀυροὶτης,
1089 972 1275 1036 germanus

149 1051 363 1116 Lartiduis.=

190 1152 229 1212 ln
243 1151 359 1230 quinta
372 1152 579 1232 sextiplura
592 1152 689 1215 solito
702 1171 806 1233 graece
817 1152 1013 1233 perscripsit
1023 1151 1158 1213 Tullius
1173 1170 1180 1211 :
1195 1174 1207 1206 α
1222 1160 1275 1228 τῆς

148 1247 281 1331 ξυναὲροο
296 1257 348 1326 τῆς
369 1252 440 1331 ἐμῆς
462 1250 657 1332 οὐξελεὺθερος
676 1251 751 1321 ἔδοξέ
766 1275 812 1330 μοι
833 1253 911 1332 θαμὰ
925 1254 1100 1333 βατταριζων
1113 1251 1162 1312 καὶ
1178 1251 1275 1312 diuos

148 1348 258 1421 ἐντοῖς
273 1347 424 1428 ξυλλόηοις
440 1350 487 1411 καὶ
505 1355 570 1424 ταῖς
589 1351 709 1430 λέσχαις
728 1351 779 1411 oze
799 1372 824 1411 τι
840 1353 1026 1433 περυρακέναι
1046 1350 1097 1422 τὰς
1115 1353 1224 1429 ψήφους
1246 1349 1273 1408 ἐν

148 1449 209 1518 τοῖς
223 1446 376 1528 ὑπάρχουσι
391 1453 452 1522 τοῖς
467 1455 513 1510 roi
530 1452 734 1530 Κροτωνιάτου.
751 1447 872 1509 Hoetu
892 1447 1025 1526 indaga,
1043 1449 1079 1508 111
1095 1445 1203 1518 soles;
1222 1449 1273 1506 ast

148 1540 210 1603 hoo
232 1545 362 1624 magis:
385 1544 415 1621 ἐξ
435 1547 543 1620 ἄστεως
562 1549 722 1629 ἑπταλέφου
746 1549 864 1627 στείχων
883 1546 1030 1627 παρέδωκε
1048 1552 1122 1623 μνῶν
1140 1544 1199 1606 κδ’.
1219 1546 1269 1623 μη

149 1640 290 1720 ὄηὲιλημα
303 1650 344 1723 τῷ
361 1646 515 1726 Καμίλλῳ,
533 1647 631 1706 {austu
645 1669 676 1708 τε
690 1647 837 1726 ὀφείλοντα
853 1651 923 1722 μνᾶς
941 1643 983 1704 κδ’
993 1644 1026 1704 ἐκ
1038 1649 1093 1704 τῶν
1109 1647 1272 1724 Κροτωνια-

148 1745 231 1799 τικῶν
243 1741 289 1802 καὶ
301 1765 333 1803 εκ
346 1765 401 1804 των
411 1746 650 1826 Χερρονησιτικῶν
664 1742 716 1822 μη’
726 1767 733 1779 ·
744 1743 792 1806 καὶ
808 1744 878 1821 μνὰς
889 1743 1102 1821 κληρονομήσαι
1115 1740 1186 1821 xps.
1196 1740 1269 1820 yps·

147 1835 251 1894 rotroni
266 1835 296 1896 δὲ
312 1837 383 1914 μηδὲ
405 1838 503 1899 toulon
518 1839 720 1915 διευθετῆσθαι,
736 1840 847 1898 πάντων
863 1837 1064 1916 ἐρειλήθὲντων
1079 1841 1126 1896 τοῦ
1142 1836 1270 1916 δευτέρου

101 1966 108 1977 ·
139 1932 234 2008 Δμηνὸς
248 1941 283 2016 τῇ
300 1938 435 2016 νουμηνία
450 1959 456 1973 ·
472 1937 519 1997 τὸν
540 1937 571 1996 δὲ
591 1933 968 2016 ἀπελ1εὑθερσναῦτοΰ,ἒντοι
991 1935 1137 2012 ὀμώνυμον
1157 1939 1197 2012 τῷ
1213 1936 1270 1994 llo'-

145 2049 232 2104 νωνος
252 2033 347 2114 πατρὶ,
369 2035 454 2112 μηδὲν
474 2037 636 2116 ὁλοσχερῶς
654 2037 874 2115 πεφροντικέναι.
895 2034 991 2093 Ταῖτα
1012 2027 1057 2093 οὖν
1079 2037 1190 2112 πρῶτον
1207 2032 1268 2109 μὲν,

144 2127 191 2187 ἵνα
208 2133 298 2192 πάντα
317 2135 451 2210 σώζηται,
472 2134 599 2214 δεύτερον
615 2133 656 2209 δὲ,
672 2135 718 2194 ἵνα
738 2133 809 2210 μηδὲ
826 2138 882 2192 τῶν
901 2132 991 2192 τόκων
1010 2131 1193 2212 ὀλιγωρήσῃς
1214 2136 1270 2190 τῶν

147 2224 201 2286 ἀπὸ
215 2235 267 2305 τῆς
279 2235 496 2312 προεκκειμένης
510 2233 630 2312 ἡμέρας.
642 2229 733 2303 Ὅσας
748 2230 829 2317 αὐτὸν
844 2231 1012 2308 ἠνέγκαμεν,
1028 2228 1132 2309 σφὲδροι
1144 2228 1267 2289 δέδοικα.

147 2325 200 2386 Καὶ
211 2328 266 2410 γὰρ
280 2336 370 2409 παρῆν
382 2331 452 2411 πρὸς
466 2332 542 2409 ἡμᾶς
554 2333 799 2409 κατασκεψέμενος-
811 2330 859 2390 καί
874 2350 900 2389 τι
914 2329 1012 2408 σχεδὸν
1025 2329 1145 2400 ελπὶσας
1159 2349 1165 2362 ·
1179 2326 1270 2405 oinop-
1297 2349 1300 2355 ·

145 2424 208 2497 νοὺς
223 2426 253 2486 δὲ
269 2426 387 2507 ,ἀλόγως
404 2427 522 2504 ἀπέστη,
539 2429 659 2490 ἐπειπών
678 2451 684 2463 ·
701 2428 780 2504 εἴκω,
798 2427 911 2508 αἰσχρέν
925 2449 967 2486 τοι
987 2426 1070 2508 δηρόν
1089 2447 1114 2486 τι
1132 2427 1233 2502 μένειν.
1254 2446 1267 2478 ν

147 2519 228 2591 Quae
251 2525 353 2589 verba
377 2525 593 2588 R.Mueckii
619 2524 880 2605 diligentissima
904 2540 1004 2604 opera
1032 2523 1192 2596 correcta,
1220 2521 1269 2582 sio

147 2622 247 2684 vertit
264 2624 427 2686 Boetius:
528 2637 529 2640 ’
654 2633 657 2640 ’
756 2687 760 2695 ,
921 2632 924 2636 ”

186 2719 239 2782 Ex
262 2723 343 2785 urbe
367 2724 532 2802 septicolli
556 2723 772 2803 proficiscens
796 2719 1029 2802 (Philotimus)
1054 2719 1197 2781 Camillo
1219 2737 1270 2781 ra-

141 2819 254 2882 tiones
275 2822 420 2884 reddidit
440 2822 610 2884 minarum
632 2820 748 2882 XXIV
769 2820 801 2882 et
824 2819 984 2894 ΧΙΝΙΙΙ,
1008 2835 1093 2898 quas
1118 2818 1217 2880 debet
1237 2821 1269 2880 et

146 2919 316 2998 seipsum
340 2921 526 2983 debitorem
550 2921 719 2983 minarum
746 2918 863 2983 XXIV
886 2935 928 2979 ex
949 2917 1049 2978 bonis
1073 2915 1211 2977 Milonis
1236 2919 1269 2978 et

143 3017 288 3080 *XLVIII
305 3037 321 3081 e
336 3020 471 3099 praediis
486 3019 756 3091 Chersonnesii8‚
773 3016 951 3097 (dixitque)
966 3034 1007 3080 ex
1022 3015 1268 3078 hereditatibus

143 3117 405 3180 -sibiob'venisse
421 3119 532 3180 minas
547 3119 600 3180 his
617 3120 792 3180 sexcentas
808 3115 1029 3196 quadraginta
1046 3133 1053 3176 :
1070 3114 1194 3176 harum
1211 3132 1268 3175 au-

140 3217 213 3277 tem
236 3234 277 3278 ne
300 3214 436 3278 obolum
461 3217 599 3295 quidem
621 3216 895 3278 administratum
919 3231 1005 3288 esse,
1026 3230 1131 3293 quum
1153 3213 1268 3273 omnia

142 3314 257 3376 debita
277 3316 429 3376 essent-a
447 3314 523 3376 Kal.
544 3313 724 3375 februariis
747 3333 754 3374 :
775 3313 869 3374 illius
888 3315 1001 3373 autem
1020 3311 1192 3384 libertum,
1212 3311 1268 3372 oui

146 3413 235 3474 idem
249 3418 379 3475 'nomen'
388 3415 476 3492 quod
491 3414 561 3475 erat
574 3411 721 3474 Cononis
734 3411 851 3492 patri²‚
865 3409 950 3472 nihil
964 3409 1105 3472 omnino*
1115 3426 1265 3471 curasse.

146 3511 225 3573 Haeo
239 3512 341 3591 igitur
355 3513 502 3592 primum
515 3529 595 3574 cura
608 3513 644 3572 ut
661 3511 818 3572 universa
833 3510 1010 3571 serventur
1020 3527 1028 3584 ;
1039 3507 1159 3570 deinde
1173 3509 1209 3569 ut
1224 3524 1266 3569 ne

147 3626 268 3671 usuras
284 3610 432 3689 negligas
448 3627 522 3689 quae
537 3627 557 3672 a
571 3609 625 3670 die
640 3609 798 3689 praedicta
813 3609 962 3669 currunt.
980 3605 1068 3677 Quot
1083 3605 1156 3668 dies
1172 3605 1266 3667 illum

146 3709 362 3788 pertulimus,
387 3710 423 3771 in
451 3727 570 3789 magno
597 3709 717 3771 timore
743 3708 804 3769 fui.
833 3707 968 3768 Etenim
996 3705 1066 3767 erat
1090 3705 1180 3785 apud
1206 3700 1265 3765 nos

143 3808 380 3887 exploraturus
396 3811 427 3870 et
443 3808 569 3888 aliquid
586 3825 736 3887 sperans,
753 3823 858 3885 eaque
875 3824 932 3885 spe
946 3805 1127 3867 destitutus
1142 3805 1264 3866 temere

147 3907 230 3969 abiit
243 3907 503 3969 obmurmurans
516 3927 523 3969 :
536 3908 629 3981 cedo,
643 3924 720 3968 nam
733 3910 829 3985 turpe
842 3905 899 3967 diu
916 3921 1050 3966 manere
1065 3903 1109 3983 (et
1122 3919 1262 3964 vaenum

146 4005 293 4085 reverti).

183 4169 207 4262 1.
229 4204 364 4276 nonius,
382 4209 425 4262 ao
440 4208 512 4273 111,
529 4206 579 4274 ν1,
596 4206 623 4274 1,
639 4208 664 4262 a
682 4238 716 4246 -
730 4207 757 4262 a.
774 4204 968 4261 Timotheum
984 4172 1127 4273 scilieet:
1180 4221 1220 4273 3
