2828 4808
622 316 781 378 ..80:-

16 452 19 457 ’
73 512 79 518 .
140 459 233 531 τυπεῖ,
251 451 357 514 multo
373 449 595 512 Hortensium
610 450 775 511 minus¹l
795 474 806 505 υ
827 450 990 528 Ζηλοτυπίυι
1003 453 1054 514 est
1072 476 1083 509 ‹
1104 453 1264 534 aegritudo

141 569 182 613 ex
200 549 345 628 eoquod
363 548 447 609 alter
465 546 613 625 potiatur
632 564 670 609 eo
688 548 777 626 quod
795 547 866 626 ipse
884 549 1114 628 concupiverit
1124 550 1147 612 ².
1168 575 1180 607 »
1200 551 1267 613 An-

140 649 267 724 toniuS,
288 647 376 726 quod
405 645 533 720 Cicer0,
559 662 627 707 non
653 644 741 725 ipse,
765 663 871 726 augur
896 645 1005 708 factus
1025 649 1268 729 erat,·aegritu-

143 748 258 810 dinem
285 763 359 807 eam
386 746 603 823 susceperat;
630 761 707 806 cum
731 746 843 807 autem
869 744 993 807 diceret
1019 763 1055 808 se
1082 750 1267 828 auguratus

142 845 338 926 petitionem
366 843 397 905 ei
419 842 640 917 concessisse,
665 859 773 922 neque
794 845 995 922 auguratum
1019 845 1267 926 concupivisse,

143 947 290 1006 attamen
313 943 384 1022 ipse
408 958 508 1002 suum
532 941 636 1002 animi
658 945 788 1003 motum
811 943 981 1018 ζηλοτυπίαν
1005 943 1148 1024 appelat.
1172 943 1269 1016 Quod

143 1042 245 1104 verbo
261 1041 343 1120 quid
358 1040 426 1101 imo
446 1041 578 1118 pectore
597 1039 719 1101 sentiat
734 1039 862 1101 invitus
877 1039 1033 1115 declarat,
1051 1042 1106 1103 vel
1122 1044 1269 1105 externae

84 1135 86 1141 ’
142 1140 235 1203 vocis
250 1137 419 1219 propriam
435 1138 504 1199 vim
523 1136 653 1217 ignorat
670 1156 702 1198 :a
721 1136 802 1207 Quae
817 1137 971 1215 (offensio
985 1140 1112 1220 nostra)
1127 1140 1235 1222 magis
1251 1158 1269 1203 a

143 1240 300 1318 ζηλοτυπίᾳ
314 1253 388 1298 mea
403 1253 505 1314 quam
520 1235 561 1296 ab
576 1235 701 1315 injuria
715 1237 772 1297 tua
788 1238 866 1297 nata
881 1236 962 1299 esti.
984 1261 996 1293 υ

183 1334 347 1398 Vocabuli
370 1358 381 1390 υ
407 1338 514 1412 κόσμος
537 1358 551 1389 υ
576 1333 758 1413 ingenuam
781 1334 851 1395 vim
872 1336 977 1397 totam
999 1336 1266 1416 comprehendit,

141 1435 244 1512 idque
260 1432 327 1495 lere
347 1432 474 1494 invitus
490 1431 594 1494 latino
610 1433 784 1512 anteponit
801 1451 812 1493 :r
828 1457 839 1488 r
861 1432 1013 1512 Cumque
1029 1434 1179 1497 similem
1195 1435 1269 1497 uni-

141 1530 313 1595 versitatis
328 1532 455 1592 naturae
471 1529 604 1592 efficere
616 1529 727 1603 vellet,
742 1531 783 1592 ad
797 1531 1042 1593 volubilitatem
1058 1533 1267 1608 rotundavit,

141 1630 365 1708 comitemque
393 1646 471 1691 eum
499 1628 672 1707 sapientiae
700 1645 802 1707 quam
827 1629 961 1709 optimae
988 1630 1113 1692 mentis
1138 1630 1266 1706 effecit,

142 1726 336 1802 circumque
356 1740 455 1784 omne
480 1722 600 1784 caelum
625 1722 798 1801 aequaliter
819 1723 1007 1798 distribuit,
1028 1725 1067 1785 ut
1089 1725 1181 1786 hunc
1206 1726 1268 1788 hac

142 1822 303 1885 varietate
320 1821 520 1883 distinctum
539 1820 625 1882 bene
641 1819 749 1894 Graeci
768 1825 884 1901 xr'cpcv,
904 1838 965 1883 nos
984 1821 1153 1884 lucentem
1171 1841 1270 1885 mun-

143 1923 223 1982 dum
238 1917 562 1982 nominaremus⁴.»
602 1927 604 1931 ·

180 2021 215 2081 os
241 2019 304 2100 περὶ
331 2018 423 2078 abaco.
450 2041 460 2072 a
488 2000 657 2080 praererei
686 2016 796 2078 unus
820 2016 977 2078 tricliniis
1006 2018 1133 2097 accepti
1156 2019 1182 2080 s
1206 2021 1270 2102 περὶ

142 2117 223 2178 αὐτὸν
255 2113 448 2196 (Caesarem)
471 2114 567 2176 valde
595 2114 760 2194 copiose⁵.
786 2113 943 2176 »Gallice
966 2114 1035 2177 tere
1060 2139 1071 2171 r
1096 2132 1159 2178 son
1189 2117 1271 2179 etat-

143 2215 248 2294 major
274 2237 298 2275 υ.

186 2311 355 2390 Ὁμελυγία.
372 2309 408 2371 Si
423 2311 556 2389 quando
570 2311 711 2372 eandem
725 2311 928 2372 sententiam
944 2312 1113 2373 extraneis
1126 2313 1271 2375 vocibus

141 2410 272 2472 callidis
295 2408 468 2482 etacutiS,
492 2409 610 2487 patriis
632 2409 745 2470 autem
768 2409 958 2471 incertis‘ei
978 2409 1091 2471 dubiis
1112 2411 1271 2474 demons-

141 2510 219 2582 trat,
236 2507 313 2587 quis
328 2506 374 2568 M.
390 2506 553 2582 Tullium,
569 2524 637 2568 non
652 2507 803 2586 linguam
818 2506 1008 2587 indigenam
1025 2508 1271 2587 reprehendat?

141 2608 267 2669 Vocem
285 2605 400 2668 enim«
416 2605 652 2667 convenientia
669 2607 741 2678 »,ut
754 2605 905 2693 exemplo
921 2607 1006 2681 utar,
1019 2606 1124 2668 variis
1141 2607 1271 2688 signifi-

141 2704 332 2768 cationibus
358 2721 436 2765 eum
462 2720 625 2782 usurpare
652 2702 767 2782 inopia
788 2704 957 2765 sermonis
983 2704 1113 2766 romani
1141 2705 1231 2784 cogit
1259 2725 1268 2766 ε

143 2829 153 2860 υ
174 2802 270 2873 Quod
287 2801 472 2881 (summum
495 2800 633 2882 bonum)
655 2818 731 2862 cum
749 2800 896 2880 positum
913 2801 958 2862 sit
976 2801 1011 2863 in
1028 2819 1065 2863 eo
1085 2803 1175 2882 quod
1197 2805 1269 2883 ὁμο-

139 2904 239 2982 λογίαν
260 2899 375 2973 Stoici,
397 2918 458 2962 nos
478 2900 685 2980 appellemus
706 2899 988 2975 convenientiam,
1011 2899 1039 2960 si
1059 2900 1228 2979 placet⁶...
1255 2926 1267 2958 »

201 3023 211 3054 a
237 2998 453 3078 Conjectorcs
479 3015 520 3059 ex
542 2998 687 3076 quadam
710 2997 945 3060 convenientia
970 2999 1001 3059 et
1026 2997 1268 3077 conjunctione

141 3100 280 3170 naturae,
303 3114 404 3174 quam
425 3098 545 3158 vocant
567 3100 748 3175 συμπάθειαν,
770 3096 851 3175 quid
873 3097 993 3175 cuique
1017 3097 1065 3157 rei
1088 3098 1270 3161 conveniat

140 3213 181 3257 ex
198 3195 339 3256 somniis
355 3196 386 3255 et
401 3193 482 3272 quid
497 3211 665 3272 quamque
681 3212 751 3255 rem
775 3197 946 3273 sequatur,
964 3194 1191 3274 intelliguntl,
1214 3221 1225 3252 υ

81 3358 84 3363 ,
180 3292 351 3363 Quantum
370 3309 448 3353 vero
469 3291 630 3371 gloriatur
651 3293 691 3353 de
708 3292 822 3354 latinis
843 3292 983 3370 divitiis,
1003 3295 1129 3370 quanta
1150 3294 1270 3357 laetitia

140 3390 304 3465 exsultat,
329 3390 361 3451 si
392 3389 476 3451 forte
509 3389 668 3451 subtilius
694 3391 862 3469 quoddam
892 3390 1036 3451 latinum
1063 3391 1269 3453 vocabulum

141 3507 242 3569 quam
264 3506 406 3568 graecum
433 3488 619 3567 repperisse
642 3488 707 3551 sibi
732 3489 879 3550 videtur!
905 3511 916 3543 υ
941 3487 1032 3558 Quas
1057 3487 1167 3550 Graeci
1191 3494 1268 3568 πάθη

141 3587 322 3666 appellant,
343 3589 493 3666 poteram
513 3604 572 3666 ego
592 3586 733 3648 verbum
756 3587 868 3666 ipsum
888 3587 1110 3667 interpretans
1130 3589 1268 3650 morbos

140 3686 319 3764 appellare.
339 3685 405 3747 Sed
424 3704 491 3747 non
508 3686 702 3747 conveniret
720 3686 914 3747 adomnia:
932 3687 1009 3764 quis
1030 3686 1120 3747 enim
1138 3687 1269 3748 miseri-

139 3783 291 3844 cordiam
308 3786 367 3845 aut
382 3784 491 3863 ipsam
509 3784 718 3845 iracundiam
737 3784 893 3846 morbum
909 3786 993 3846 solet
1008 3783 1142 3870 diceret
1161 3785 1202 3846 At
1217 3785 1269 3846 illi

176 4011 203 4064 r.
227 4012 277 4064 no
293 4013 368 4076 nra,
386 4009 529 4075 xlmis.
559 4041 593 4048 -
608 4010 633 4064 a.
660 4013 762 4078 rosc,
779 4010 830 4077 iv,
843 4010 870 4078 s,
887 4011 930 4066 ra.
946 4041 980 4048 -
994 4010 1021 4066 3.
1038 4012 1089 4065 no
1107 4013 1210 4077 ram,
1226 4012 1264 4078 x,

69 4112 73 4120 ‚
140 4094 194 4160 aa,
212 4096 285 4149 1,-
301 4095 327 4149 a
347 4096 439 4159 ram,
456 4110 480 4148 υ.
502 4095 545 4150 ro.
559 4126 593 4133 -
606 4095 634 4149 5.
657 4097 707 4148 no
727 4096 801 4160 arc,
817 4095 906 4164 xrn,
923 4094 968 4162 aa,
984 4095 1011 4149 a.
1029 4125 1063 4136 -
1078 4095 1104 4150 c.
1121 4099 1164 4152 oe
1178 4097 1263 4164 rio,

140 4182 195 4246 in,
209 4182 236 4249 c,
252 4181 296 4234 al.
313 4211 345 4220 -
358 4181 384 4233 7.
403 4179 520 4243 naara,
535 4180 573 4245 n,
591 4181 636 4247 co,
652 4181 713 4235 lac.
