2828 4808
534 353 692 414 ..51-

10 473 11 479 1
92 488 210 567 Neque
223 487 409 549 Homerum
423 502 530 547 unum
546 486 586 548 de
599 485 745 548 rumoris
758 486 940 560 momento,
954 486 994 548 de
1007 485 1174 547 clarorum

46 586 204 648 virorum
220 584 378 665 praeclare
397 583 506 658 factis,
523 584 564 646 de
583 584 694 646 laudis
713 583 894 664 cupiditate
911 585 1086 646 canentem
1106 583 1176 645 ani-

47 683 283 746 madvertebat
298 682 424 757 Cicero,
439 682 497 744 sed
513 683 546 767 et
565 681 735 755 omnibus
751 682 955 762 quicumque
965 681 1062 744 elatis
1077 681 1175 743 dictis

45 781 193 862 gloriam
210 781 410 855 extulerant,
424 796 522 842 aures
539 779 698 859 erigebat,
712 781 744 842 et
760 798 801 842 ex
816 779 962 842 sublime
977 778 1176 842 sonantibus

47 880 124 941 illis
135 880 310 961 poetarum
327 879 442 943 eribus
457 878 634 958 pendebat.

95 1047 106 1078 1
136 1022 208 1097 Sin,
225 1040 303 1084 cum
324 1023 475 1102 potuero,
492 1038 559 1083 non
575 1038 697 1084 venero
714 1020 768 1101 (ad
785 1020 1009 1101 Pompeium),
1026 1023 1098 1082 tum
1114 1022 1177 1084 erit

48 1121 233 1197 inimicus3
247 1120 336 1201 quod
351 1137 410 1201 ego
424 1137 491 1181 non
506 1136 544 1182 eo
559 1137 676 1182 vereor
688 1138 729 1182 ne
742 1120 826 1182 mihi
839 1121 956 1182 noceat
965 1139 974 1195 3
990 1118 1072 1198 quid
1086 1119 1177 1181 enim

48 1219 178 1281 faciet?

176 1326 219 1398 τίς
234 1325 257 1386 δ’
268 1325 326 1387 ἐστί
341 1325 454 1404 δοῦλος,
470 1331 517 1387 τοῦ
534 1329 626 1387 θανεῖν
640 1325 767 1406 ἄφροντις
782 1327 837 1402 ὢν,

179 1421 358 1502 (Quisnam
375 1424 572 1498 1131331ν113,
588 1422 647 1502 qui
663 1425 805 1486 mortem
821 1441 888 1487 non
903 1424 995 1485 curet
1003 1422 1032 1503 1)

52 1557 119 1618 sed
134 1555 216 1634 quia
230 1555 353 1636 ingrati
368 1555 473 1618 animi
488 1556 615 1620 crimen
631 1556 750 1620 borreo
761 1555 783 1621 ¹.
804 1581 816 1614 »

100 1707 340 1788 Aristophanis
365 1710 478 1770 autem
500 1708 586 1770 hanc
610 1709 813 1772 sententiam
838 1710 1003 1772 excelsam
1025 1709 1179 1790 profert:
1234 1773 1237 1776 ,

100 1867 111 1898 ι
139 1830 258 1921 Itaque
276 1841 441 1904 irascatur
455 1841 514 1922 qui
529 1842 636 1918 volet3
654 1842 762 1922 patiar
779 1840 953 1926 111γὰρεῦ
975 1843 1035 1924 μετ’
1048 1844 1147 1923 {poth
1168 1867 1179 1898 1

99 1985 294 2065 Aliquando
310 1986 342 2047 et
356 1985 461 2047 vitam
482 2002 578 2046 suam
600 1988 632 2047 et
653 1988 777 2048 sortem
798 1986 830 2047 et
849 1985 1007 2066 praeclare
1021 1986 1075 2047 vel
1096 1985 1184 2048 dicta

56 2084 113 2146 vel
129 2083 218 2145 facta
233 2082 361 2144 confert
376 2100 453 2144 curu
476 2083 621 2145 summis
642 2082 850 2146 facinoribus
871 2084 1055 2145 illustrium
1077 2083 1186 2146 homi·

60 2199 144 2243 num
164 2198 309 2260 quorum
329 2179 527 2258 imaginesa
547 2181 747 2260 scriptorum
768 2199 952 2262 graecorum
970 2182 1116 2262 ingeniis
1131 2198 1186 2244 ex-

58 2296 188 2360 pressae
211 2278 359 2340 fuerunt.
381 2277 501 2340 Studet
487 2279 679 2359 taugurari
698 2279 779 2358 quid
799 2280 839 2342 de
861 2297 897 2342 se
915 2279 1098 2359 judicaturi
1118 2280 1186 2341 sint

59 2381 138 2458 post
141 2377 205 2451 eri,
229 2377 343 2438 utrum
366 2394 443 2438 curu
465 2376 676 2457 principibus
701 2376 770 2439 illis
794 2395 831 2440 se
855 2378 1018 2457 aequaturi
1042 2379 1121 2452 sint,
1144 2394 1203 2462 an

61 2476 127 2539 sub
139 2476 276 2538 eosdem
288 2475 473 2555 subjecturi
483 2495 491 2550 ;
503 2475 608 2538 immo
620 2478 813 2557 exoptatum
823 2476 990 2557 judicium
1000 2475 1188 2556 posteritati

62 2575 191 2637 dictare
206 2573 340 2637 videtur
356 2592 363 2634 :

106 2697 117 2728 1
145 2672 225 2735 Jam
238 2671 407 2752 intelliges
422 2671 454 2733 id
470 2688 609 2752 regnum
626 2673 683 2734 vix
700 2676 862 2736 semestre
878 2691 951 2736 esse
965 2690 1075 2754 posse.
1092 2672 1189 2744 Quod

63 2772 91 2834 31
118 2787 173 2832 me
196 2769 367 2844 fefellerit,
390 2769 513 2844 feram,
537 2771 626 2833 sicut
648 2771 747 2834 multi
770 2771 950 2833 clarissimi
975 2772 1130 2833 homines
1154 2771 1188 2831 in

66 2887 101 2932 re
129 2867 266 2948 publica
290 2867 491 2930 excellentes
514 2869 675 2945 tulerunt,
700 2870 767 2931 nisi
790 2870 874 2932 forte
898 2887 951 2932 me
973 2869 1190 2949 Sardanapali

65 2967 176 3029 vicem
201 2965 237 3027 in
259 2983 321 3028 suo
343 2965 464 3027 lectulo
487 2966 573 3027 mori
597 2967 696 3030 malle
719 2967 891 3029 censueris
911 2985 1013 3046 quam
1032 2967 1067 3028 in
1090 2966 1191 3028 exilio

64 3063 331 3139 Themistocleo,
347 3064 422 3142 qui,
444 3063 736 3138 1111111111133111,111
723 3066 1054 3145 1111Τ11111ν1111133,
1069 3068 1191 3145 τῶνμὲν

65 3165 214 3244 παρόντων
235 3162 261 3223 ht
282 3162 439 3241 ἐλαχίστης
460 3162 566 3240 βουὶῆς
584 3166 733 3244 κράτιστος
751 3167 883 3243 γνώμων,
904 3170 959 3224 τῶν
978 3165 1008 3225 te
1028 3188 1084 3242 pe.
1050 3164 1119 3225 ellr'
1107 3186 1152 3224 οτν
1155 3186 1192 3224 ων

66 3261 110 3322 ἐπὶ
135 3261 273 3322 πλεῖστον
299 3265 346 3320 τοῦ
369 3263 555 3338 γενησομένω
578 3261 690 3341 ἄριστος
714 3261 857 3339 εἰκαστής,
880 3263 992 3322 tamen
1016 3260 1135 3322 incidit
1157 3259 1192 3319 in

67 3374 125 3418 eos
141 3373 255 3430 1133113,
271 3373 358 3435 quos
373 3355 524 3429 vitasset,
539 3357 567 3417 si
583 3374 660 3418 eum
677 3357 761 3418 nihil
775 3356 962 3419 fefellisset.
978 3357 1192 3430 Ε13113ε11111,

10 3503 12 3509 .
67 3456 168 3517 utait
155 3455 289 3529 tidem,
306 3455 365 3535 qui
385 3455 451 3516 τὸ
435 3478 531 3533 ausu
533 3479 608 3518 111111
627 3458 814 3538 τδχεῖροννὲ
802 3480 873 3518 uo
890 3479 974 3537 αραν
974 3462 987 3518 ῖ
1008 3457 1073 3518 ἔτι
1064 3478 1117 3537 ὀρ
1120 3459 1195 3536 :tipo

68 3556 206 3634 μάλιστα,
223 3556 338 3615 tamen
355 3570 422 3614 non
438 3553 566 3616 vidit
574 3577 613 3616 .»
631 3556 730 3633 atque
746 3555 812 3616 alia
826 3555 928 3633 hujus
944 3555 1046 3617 modi.

107 3652 189 3713 Haec
206 3655 238 3714 et
258 3651 411 3713 similia
403 3669 439 3712 111
459 3652 612 3732 epistolis
631 3653 837 3733 pervolvent
829 3672 840 3714 1
855 3652 1022 3715 veniunt
1013 3670 1049 3714 111
1070 3670 1198 3715 memo-

66 3751 154 3812 riam
168 3749 273 3811 verba
287 3749 395 3828 ipsius
411 3748 582 3812 Ciceronis
594 3767 653 3830 pro
670 3749 794 3812 Archia
808 3751 948 3830 agentis,
966 3750 1052 3813 etde
1069 3768 1105 3813 se
1122 3751 1196 3830 ipso

68 3847 177 3910 multa
190 3837 383 3928 profitentis
396 3865 404 3908 :

105 4050 469 4120 1.11111.,,11121,;2
486 4051 603 4124 Eurip.,
622 4053 749 4120 Frcpm
769 4050 843 4119 inc,
861 4049 996 4108 LXXVI
1012 4051 1086 4108 -2
1108 4051 1200 4130 lbid.

69 4137 967 4207 11111111.113111111111511-3.1111111311
989 4137 1199 4208 Thucydidem

69 4239 144 4280 vero
160 4223 335 4278 memoriter
349 4221 466 4287 laudat,
482 4222 504 4288 l,
521 4180 582 4277 138.
