2850 4800
540 934 544 942 '
565 931 770 1011 QUINTUM
791 931 947 995 CAPUT.

321 1221 364 1264 DE
385 1219 514 1264 GRAECIS
535 1217 721 1263 VOCABULIS
743 1218 950 1263 SENTENTIAM
972 1218 1190 1264 TEGENTIBUS.

237 1605 408 1666 Hactenus
428 1604 467 1665 de
487 1602 532 1665 M.
549 1604 660 1666 Tullio
678 1604 827 1665 diximus
850 1620 974 1683 graecas
996 1620 1095 1665 voces
1115 1621 1180 1665 non
1195 1597 1244 1664 ‘ex
1266 1621 1324 1667 ne·

195 1703 350 1766 cessitate
367 1702 431 1763 sibi
448 1705 653 1776 assumente,
669 1704 711 1775 et,
726 1719 918 1781 quanquam
937 1719 991 1763 res
1006 1701 1183 1763 familiaris
1199 1719 1325 1781 suppe-

194 1801 321 1863 ditabat
338 1817 383 1865 aes
399 1799 547 1861 alienum
561 1800 713 1875 faciente,
731 1800 893 1861 nonnullo
907 1800 1043 1878 quidem
1063 1799 1179 1878 patriae
1192 1798 1322 1875 linguae

194 1898 317 1959 fructu.
342 1897 429 1958 Hinc
445 1898 515 1977 jam
539 1915 615 1959 cum
638 1900 695 1959 aut
717 1897 791 1957 utili
818 1899 874 1958 aut
897 1897 1086 1958 necessaria
1110 1913 1145 1958 re
1167 1898 1320 1976 cogatur,

195 2013 272 2057 eum
288 1997 498 2057 mutuantem
513 2011 703 2056 cernemus.
721 1994 806 2065 Quia
821 1996 933 2056 autem
950 2011 1059 2056 causae
1074 2011 1148 2073 quae
1164 1994 1262 2055 illum
1278 1994 1322 2055 ad

194 2109 352 2154 versuras
374 2091 545 2153 faciendas
567 2109 585 2152 a
606 2092 792 2172 peregrinis
815 2091 1038 2171 impulerunt,
1059 2091 1111 2153 vel
1131 2092 1172 2153 ad
1193 2108 1320 2164 mores,

194 2191 358 2264 animum,
376 2190 480 2252 vitam
495 2191 676 2269 pertinent,
693 2190 747 2252 vel
762 2191 802 2252 ad
819 2207 933 2270 graecae
949 2190 1072 2269 linguae
1086 2189 1321 2268 praestautiam

195 2293 227 2350 et
248 2288 493 2360 excellentiam,
510 2287 596 2350 hanc
615 2289 894 2368 quaestiunculam
913 2287 1123 2350 excutientes
1139 2288 1322 2366 loquemur

195 2388 234 2449 de
250 2387 370 2448 intima
385 2386 429 2448 M.
446 2387 550 2448 Tullii
567 2388 686 2449 natura
702 2390 734 2449 et
749 2387 879 2462 indole,
896 2405 956 2448 nec
972 2404 1040 2449 non
1056 2388 1095 2448 de
1111 2387 1208 2466 graeci
1223 2386 1320 2448 illius

195 2485 361 2547 sermonis
378 2488 410 2548 et
425 2485 519 2547 latini
537 2486 685 2565 ingenio.

235 2583 426 2662 Aliquando
448 2584 532 2645 nihil
552 2584 643 2644 aliud
663 2585 775 2647 valent
792 2602 906 2664 graecae
924 2602 1021 2646 voces
1043 2585 1109 2645 nisi
1128 2586 1165 2646 ut
1185 2582 1320 2645 senten-

194 2682 275 2745 tiam
298 2683 476 2745 scribentis
498 2684 642 2762 quodam
668 2685 765 2745 modo
788 2684 911 2745 abdant
935 2685 966 2745 et
988 2701 1126 2746 sensum
1150 2683 1222 2762 ejus
1243 2698 1321 2760 ope-

195 2781 283 2842 riant
305 2801 312 2842 :
338 2783 422 2843 nutu
446 2781 537 2843 enim
563 2783 691 2843 minore
717 2784 748 2844 et
773 2781 1018 2861 significatione
1045 2781 1152 2860 magis
1174 2780 1320 2842 obscura

194 2896 308 2959 graecae
328 2879 491 2941 dictiones
514 2880 707 2960 opinionem
729 2881 876 2959 aliquam
895 2880 949 2941 vel
968 2879 1115 2958 aliquem
1134 2878 1246 2940 virum
1268 2877 1321 2938 in·

195 2978 305 3039 dicare
328 2981 472 3057 queunt,
499 2995 592 3052 cum,
614 2979 768 3040 versibus
791 2979 879 3040 notis
903 2978 1090 3040 alludentes
1113 2975 1320 3039 doctrinisve

194 3075 482 3155 philosophorum,
500 3093 552 3137 res
567 3078 599 3137 et
614 3076 769 3138 homines
785 3077 1028 3138 demonstrent.
1045 3075 1164 3137 Nuntii
1181 3091 1323 3154 praeser-

194 3173 268 3248 tim,
289 3174 413 3253 quibus
434 3174 562 3236 litteras
586 3174 725 3236 minime
744 3174 852 3237 fidens
874 3175 1009 3236 mandat
1030 3173 1157 3246 Cicero,
1179 3171 1320 3253 plurimi

196 3275 291 3333 erant
313 3290 427 3352 graecae
452 3273 575 3352 linguae
595 3273 775 3334 admodum
800 3273 945 3351 imperiti
966 3296 972 3333 :
993 3271 1196 3334 sententiam
1216 3269 1322 3349 igitur

95 3421 97 3426 .
195 3389 303 3445 suam,
325 3389 426 3450 quam
451 3374 592 3450 utroque
613 3388 767 3433 sermone
792 3372 979 3450 exprimere
1000 3372 1124 3450 posset,
1141 3386 1205 3430 non
1229 3385 1322 3430 oom-

196 3469 306 3542 muni,
330 3471 550 3532 sed‘externo
578 3469 724 3531 sermoni
751 3470 974 3543 committere,
1003 3487 1042 3530 ea
1069 3470 1138 3531 erat
1163 3466 1321 3529 Ciceroni

195 3569 304 3630 cautio
328 3586 395 3629 non
422 3569 568 3630 maxime
594 3586 729 3643 secura,
757 3570 903 3630 attamen
926 3568 1074 3648 prudens
1096 3569 1128 3628 et
1152 3567 1319 3646 prompta.

197 3692 208 3723 i
235 3667 298 3728 Die
321 3666 457 3729 Roemer
480 3667 634 3729 machten
658 3667 776 3746 jedoch
803 3667 837 3727 in
858 3667 1009 3747 privaten
1033 3666 1102 3727 und
1125 3665 1322 3726 vertrauten

195 3765 470 3846 Mittheilungen,
497 3766 551 3826 bei
577 3765 777 3827 Scherzrede
805 3765 884 3826 oder
908 3765 964 3836 da,
991 3781 1045 3826 wo
1070 3781 1148 3824 man
1171 3779 1235 3824 von
1260 3762 1323 3823 der

195 3859 461 3921 einheimischen
491 3858 726 3921 Dienersehaft
756 3859 847 3920 nicht
877 3857 983 3937 gleioh
1015 3857 1214 3919 verstauden
1245 3855 1321 3918 sein
1397 3908 1405 3925 .

196 3958 320 4031 wollte,
346 3957 417 4037 sich
440 3959 498 4019 der
519 3956 747 4037 griechischen
772 3956 916 4036 Sprache
937 3955 1058 4034 haeufig
1081 3955 1276 4017 bedienen1.
1305 3978 1318 4010 ι

170 4188 173 4193 ·
230 4163 256 4217 l.
278 4162 388 4228 Klotz,
406 4163 471 4218 Lot.
490 4162 570 4228 seit,
588 4179 616 4234 p.
634 4161 695 4218 137.
