2828 4808
706 351 866 414 ..36-

226 486 374 566 itemque
402 485 579 548 contrariis
612 485 714 549 relata
743 484 926 559 contraria,
957 505 968 540 «
1000 500 1090 562 ques,
1121 482 1184 546 s'ua
1212 480 1352 564 sponte,

225 584 359 647 etiamsi
374 583 408 646 id
425 601 492 646 non
507 602 596 665 agas,
614 585 738 646 cadunt
752 584 950 664 plerumque
967 599 1146 644 numerose
1157 584 1179 644 ¹.
1209 606 1220 639 »

265 682 337 744 Hoc
352 684 465 744 autem
481 683 516 745 in
532 682 630 745 loco:
650 706 662 739 ‹
681 682 766 745 Cum
782 681 830 744 ita
847 681 956 743 simus
972 679 1083 742 affecti
1099 683 1136 742 ut
1157 682 1224 742 non
1242 680 1354 760 possi-

225 798 302 843 mus
321 781 418 860 plane
438 781 541 842 simul
562 780 674 860 vivere
696 816 735 824 -
756 779 918 859 intelligis
938 778 1029 841 enim
1053 777 1200 858 proiecto
1220 777 1258 840 tn
1281 796 1352 858 quo

224 879 371 941 maxime
396 878 505 958 posita
531 878 574 940 sii
601 881 752 957 συμόίωσις
776 913 816 922 -
841 877 939 939 facile
968 876 1120 957 patiebar
1143 893 1206 939 nos
1235 877 1352 956 potius

224 977 341 1041 Romae
364 995 433 1039 una
456 994 531 1040 esse
556 994 657 1057 quam
682 977 717 1038 in
743 976 935 1038 Tusculano
948 975 971 1050 Ι,
1000 998 1012 1031 ι
1037 992 1104 1037 non
1129 971 1272 1037 dubium
1298 976 1352 1037 est

224 1077 322 1156 quin,
344 1077 430 1138 siout
454 1075 539 1138 forte
560 1077 594 1137 in
615 1076 819 1155 quibusdam
840 1073 1035 1153 pratentis,
1060 1072 1210 1150 vividius
1233 1073 1350 1137 nescio

223 1175 305 1254 quid
320 1175 509 1254 significare
524 1174 685 1248 voluerit,
701 1174 803 1235 verbo
819 1189 924 1253 graeco
942 1175 1093 1251 συμόίωσις
1111 1174 1226 1247 ιιΙθηε,
1243 1189 1351 1251 quam

220 1272 326 1334 latino
358 1279 369 1329 t
392 1273 617 1335 convictus».
640 1270 755 1342 'Quam
784 1273 896 1332 autem
923 1270 992 1332 vim
1019 1270 1055 1332 in
1082 1269 1173 1332 illud.
1193 1270 1351 1351 injecerit

222 1369 336 1433 Cicero
353 1389 420 1433 non
441 1370 525 1432 mihi
542 1370 654 1433 videre
671 1370 796 1443 videor,
814 1369 880 1431 nisi
898 1368 1185 1448 probaverIseum
1203 1385 1350 1448 graecam

220 1469 479 1558 appellatIonem
504 1468 826 1548 ‚praetuliss'c'quam
854 1464 1117 1529 celebravissent
1151 1467 1349 1547 philosophi

219 1567 315 1646 graeci
338 1569 370 1629 et
390 1567 660 1629 confirmassent.
1181 1584 1189 1590 ’·
1212 1608 1218 1620 .

243 1664 451 1744 -Aliquando
475 1665 566 1727 enim
590 1664 752 1744 quaedam
769 1681 874 1743 graeca
894 1662 1058 1726 vocabula
1080 1662 1204 1742 appetit
1225 1665 1259 1725 et
1279 1663 1349 1726 sibi

142 1819 145 1826 .
219 1763 355 1825 adhibet
369 1763 496 1842 quibus·
510 1762 697 1842 saepissime
710 1761 764 1823 usi
780 1764 860 1823 sunt
876 1762 1056 1841 sapientes
1070 1763 1109 1822 ut
1123 1777 1172 1834 ea,
1186 1760 1352 1839 praeclara

219 1860 462 1922 consuetudine
484 1861 691 1941 consecrata,
710 1859 862 1921 doctrina
882 1859 974 1921 omni
994 1860 1028 1921 et
1046 1858 1169 1920 virtute
1189 1859 1350 1920 selonita-

220 1976 295 2020 rum
310 1957 443 2037 implori
458 1959 647 2019 videantur.
662 1958 707 2019 At
721 1958 825 2019 latina
838 1957 943 2019 verba
957 1974 1023 2018 non
1038 1955 1097 2018 illa
1111 1954 1349 2035 philosophico

218 2057 348 2119 lumine
361 2056 586 2129 illustrantur,
601 2056 660 2118 sed
674 2056 803 2136 vulgari
818 2058 850 2118 et
865 2055 1037 2118 communi
1051 2055 1161 2116 colore
1175 2052 1351 2126 fucantur,

218 2172 411 2234 quanquam
428 2172 535 2216 unum
552 2157 584 2216 et
600 2155 691 2216 idem
706 2154 772 2215 duo
789 2154 981 2234 significant
999 2172 1007 2215 ε

262 2252 410 2331 Ἀθέτησις
423 2253 636 2333 improbatio.
651 2276 662 2307 ι
679 2251 808 2333 'Enipeo
821 2255 852 2314 te
864 2252 1037 2314 scribebas
1050 2270 1058 2312 ε
1069 2250 1150 2330 quid
1163 2253 1234 2313 erat
1248 2252 1352 2315 dubi-⁴

216 2351 343 2413 tatione
365 2351 521 2430 dignum,
544 2351 573 2411 si
596 2353 684 2412 esset
704 2351 886 2429 quicquam
907 2368 967 2412 cur
984 2349 1129 2429 placeret
1149 2347 1290 2411 fratrem
1314 2353 1352 2413 et

215 2450 317 2511 talem
343 2448 481 2511 fratrem
505 2447 678 2528 relinquit>
701 2449 834 2525 ἀθέτησις
858 2448 924 2510 ista
948 2447 1032 2509 mihi
1056 2449 1130 2522 tua,
1156 2463 1225 2508 non
1250 2449 1343 2530 ἐποχή

215 2545 428 2609 videbatur³.
456 2570 468 2602 ι
1109 2590 1111 2593 .
1366 2554 1369 2559 ’

254 2647 368 2725 Αἵρεσις
390 2647 493 2706 secta.
520 2667 531 2699 a
557 2643 701 2706 Tento...
725 2646 757 2707 te
781 2661 848 2722 quo
870 2644 983 2705 animo
1007 2642 1164 2722 deciplas.
1190 2641 1230 2704 Si.
1250 2644 1342 2705 enim

215 2742 468 2805 stomachabere
484 2745 515 2804 et
532 2742 672 2804 moleste
689 2742 787 2816 fereS,
801 2741 898 2822 plura
912 2742 1064 2804 dicemus
1078 2739 1346 2822 postulabimus

213 2858 290 2919 que,
307 2857 429 2919 exque
445 2837 754 2922 atptoa...'deJectus
770 2840 829 2914 εἰς,
847 2840 881 2901 in
898 2857 972 2901 eam
986 2839 1203 2902 restituere..
1220 2839 1259 2900 In
1276 2840 1343 2901 ista

212 2938 285 3016 ipsa
304 2939 408 3018 αἱρέσει
428 2941 541 3000 metuo
558 2938 691 3018 neptus
710 2955 891 3000 nervorum
912 2938 956 2999 sit
975 2954 1077 3017 quam
1094 2953 1155 3016 ego
1171 2938 1342 3017 putaram,

132 3059 138 3070 ·
213 3037 356 3098 simodo
374 3036 672 3114 eamtuprobasl.
703 3059 713 3090 ι

251 3138 345 3207 Πάθος
364 3134 581 3213 perturbatio.
603 3157 614 3189 ‹
634 3132 744 3205 Quare
765 3133 949 3196 obduretur
967 3133 1131 3209 triduum,
1150 3135 1187 3196 ut
1206 3135 1240 3196 tc
1260 3151 1342 3212 quo·

210 3249 275 3310 que
294 3248 418 3311 ponam
439 3232 472 3293 in
493 3232 610 3294 eodem
632 3236 726 3308 atter,
747 3232 837 3310 quod
859 3232 905 3293 ita
924 3233 975 3294 est
994 3231 1141 3311 profecto
1153 3234 1175 3292 ⁵.
1197 3230 1338 3311 »Cujus

211 3330 302 3392 verbi
318 3331 386 3392 vim
402 3332 435 3393 et
448 3348 588 3392 sensum
604 3331 719 3393 crebro
736 3334 772 3393 ut
788 3330 942 3393 definiret
957 3332 990 3392 et
1005 3330 1209 3392 describeret
1225 3333 1341 3392 noster

207 3428 487 3507 operamdediti.
542 3484 547 3489 .

247 3525 378 3597 Quibus
394 3527 428 3588 iu
445 3526 604 3589 omnibus
619 3528 701 3589 locis
718 3544 786 3589 non
803 3527 987 3589 necessitas
1002 3526 1199 3588 Ciceronem
1215 3527 1339 3606 coegit,

206 3642 283 3686 cum
304 3624 409 3686 latina
429 3625 530 3687 dictio
553 3625 583 3687 ei
605 3627 845 3705 suppeditaret,
864 3626 1000 3687 aliunde
1023 3642 1064 3686 ex
1084 3641 1191 3704 gracco
1212 3624 1340 3704 populo

204 3725 391 3797 desumere,
406 3725 465 3786 sed
480 3742 664 3804 graecarum
681 3725 870 3788 litterarum
886 3725 1040 3786 studium
1056 3726 1088 3785 et
1104 3739 1199 3784 amor
1215 3724 1337 3786 suasit.

239 3968 264 4020 t.
286 3967 348 4031 Or,
367 3966 412 4032 52,
432 3968 494 4022 175.
515 3997 550 4006 -
564 3967 590 4022 2.
612 3969 660 4021 Ad
677 3969 747 4030 att,
768 3965 857 4031 XIII,
873 3964 919 4032 23,
938 3965 965 4019 1.
987 3994 1021 4003 -
1035 3964 1062 4020 3.
1087 3957 1335 4032 1om.‚vl‚'9,'3.

202 4081 236 4090 —
251 4053 276 4106 Ι.
293 4053 341 4105 Ad
356 4054 458 4118 Fam,
470 4052 534 4120 XV,
549 4054 593 4119 16,
609 4053 636 4117 3,
654 4052 693 4105 ad
707 4052 859 4114 Cassium,
878 4050 1055 4121 Epicuri-ex
1072 4065 1160 4121 grege
1176 4065 1284 4104 unuin.
1302 4082 1338 4089 -—

201 4139 227 4193 5.
244 4139 291 4190 Ad
307 4139 379 4202 alt,
396 4137 462 4201 XII,
479 4136 506 4201 3,
522 4138 548 4191 l.
560 4138 628 4192 -o
647 4138 747 4200 Taso,
766 4136 818 4200 III,
835 4137 862 4200 4,
879 4137 911 4197 73
928 4135 972 4200 10,
987 4135 1040 4201 23;
1058 4135 1109 4200 IV,
1123 4136 1150 4199 5,
1165 4135 1216 4201 103
1235 4128 1287 4202 IV,
1306 4136 1347 4200 6,-

200 4223 249 4291 113
269 4225 306 4277 de
323 4222 408 4287 Fim,
423 4223 476 4286 III,
494 4222 537 4287 ill,
551 4222 603 4291 353
620 4225 657 4277 dc
673 4222 742 4289 Off,
757 4221 796 4287 II,
814 4220 841 4287 5,
859 4220 904 4274 18.
