2828 4808
687 313 846 379 ..68-

190 433 239 510 'in
257 446 434 526 phaselum
453 445 629 526 epicopum
649 445 712 508 bas
731 447 807 508 dedi
826 446 987 509 litterasa.
1013 471 1024 502 ι
1046 446 1097 509 Cf.
1116 467 1124 510 :
1144 473 1156 504 ι
1173 448 1325 536 ”Apparere

201 546 413 609 Rhodiorum
440 546 473 607 et
498 546 612 627 δίκροτοι
642 545 913 625 Mytilenaeorum
942 544 1108 608 habebam
1138 550 1170 610 et
1197 549 1326 628 aliquid

203 644 383 706 ἐπικώπωνῑ.
405 665 417 698 »

241 740 414 821 Epilogus,
443 763 454 795 ‹
484 740 605 804 Exstat
631 740 703 820 eJus
728 741 833 804 oratio
860 741 918 820 qui
947 739 1097 822 epilogus
1122 742 1281 806 dicitur2.
1315 769 1326 801 ι

201 836 297 910 Quod
319 854 441 900 nomen
463 837 576 900 verbis
599 861 610 894 «
638 838 821 914 conclusio,
844 839 1043 918 peroratio»
1065 857 1126 902 cur
1145 844 1327 923 anteponat

199 935 244 998 M.
261 934 394 999 Tullius
410 952 476 997 non
492 937 621 998 certum
637 936 782 999 videtur.
1070 934 1072 936 ’

239 1034 371 1114 Sillybi.
390 1057 401 1089 ι
420 1033 515 1097 Nihil
528 1034 707 1096 venustius
719 1051 819 1114 quam
834 1033 894 1096 illa
909 1036 967 1098 tua
980 1039 1144 1116 pegmata,
1157 1055 1325 1118 posquam

199 1131 333 1212 sillybis
353 1131 458 1194 libros
477 1131 702 1194 illustrarunt.
725 1156 736 1188 ι
757 1131 808 1193 Cf.
831 1150 839 1192 :
864 1155 875 1187 a
898 1132 945 1194 lis
966 1132 1112 1213 imperes
1131 1138 1167 1197 ut
1188 1138 1325 1199 sumant

169 1294 172 1300 ,
197 1230 475 1304 membranulam,
499 1247 539 1291 ex
564 1247 631 1309 qua
657 1230 787 1293 indices
813 1229 911 1305 fiant,
939 1248 1025 1311 quos
1049 1249 1109 1294 vos
1131 1232 1260 1310 Graeoi,
1287 1237 1323 1298 ut

197 1328 326 1408 opinor,
352 1330 502 1402 σιλλύόευς
528 1327 703 1408 appellatis
716 1329 739 1410 ³¹.
765 1327 891 1398 »Quod
919 1329 1112 1408 exemplum
1138 1348 1256 1394 vocem
1282 1350 1323 1395 ex

196 1444 301 1507 graeco
317 1426 351 1488 in
370 1426 515 1489 latinum
530 1426 727 1489 thesaurum
744 1426 809 1488 cito
825 1425 1082 1489 descendentem
1100 1429 1319 1505 demonstrat,

195 1542 236 1589 ex
251 1526 369 1605 quarta
384 1524 512 1587 scilicet
527 1525 564 1586 in
579 1526 730 1587 octavam
746 1524 899 1604 ejusdem
914 1524 992 1587 libri
1008 1526 1197 1605 epistolam.

234 1623 373 1694 Quoties
393 1623 427 1684 in
449 1623 600 1703 linguam
620 1623 769 1702 aliquam
787 1623 980 1702 irrumpunt
1001 1642 1067 1686 non
1090 1625 1242 1705 hospites
1262 1629 1319 1689 sed

193 1721 308 1785 hostes
329 1721 525 1802 alienigenae
545 1722 709 1785 dictiones
731 1723 907 1801 excerptae,
931 1724 963 1785 et
985 1740 1059 1785 earn
1080 1725 1243 1804 tanquam
1264 1743 1319 1788 ex-

192 1822 374 1901 pugnatam
392 1823 566 1900 occupant,
586 1820 685 1883 toties
706 1837 771 1882 non
792 1822 861 1882 tarn
882 1820 1019 1883 uberior
1038 1824 1070 1885 et
1086 1822 1188 1884 ditior
1206 1823 1244 1886 fit
1261 1824 1318 1886 illa

192 1935 294 1997 quam
316 1918 490 1998 impurior,
513 1921 544 1981 et
562 1918 716 1981 barbaris
738 1918 807 1980 illis
830 1917 1042 2000 infensisque
1065 1920 1221 1989 finitimis
1243 1940 1317 1984 exs-

190 2018 238 2077 tat
256 2017 352 2095 quasi
373 2015 510 2095 polluta.
533 2015 641 2086 Quam
663 2016 886 2095 irruptionem
906 2017 1064 2095 quisnam
1086 2017 1206 2081 Gallus
1229 2037 1316 2081 nuno

190 2116 347 2194 expertus
363 2131 430 2176 non
446 2113 595 2193 deploret
611 2117 643 2176 et
658 2114 821 2193 respuat?

229 2212 370 2274 Perrara
387 2214 548 2292 apparent
564 2212 598 2273 in
617 2211 768 2273 tullianis
789 2211 931 2292 dialogis
954 2228 1041 2275 nova
1062 2213 1212 2277 nomina.
1233 2215 1314 2286 Quae

189 2312 301 2372 autem
317 2328 359 2372 ex
374 2327 557 2389 graecorum
570 2309 716 2389 imagine
732 2309 903 2372 effinxerit
915 2311 973 2371 vix
988 2310 1054 2373 duo
1070 2314 1128 2374 aut
1142 2313 1207 2375 tria
1223 2299 1314 2395 repe-

188 2409 284 2471 rias:
306 2407 609 2499 inaudacissimum
630 2408 727 2469 illum
750 2409 785 2469 in
804 2408 971 2488 fingendis
993 2396 1091 2472 novis
1113 2411 1227 2473 verbis
1242 2413 1313 2492 jam

119 2509 123 2519 ’
187 2507 315 2569 dudum
333 2506 494 2568 diximus

226 2605 473 2684 Veriloquium.
506 2629 516 2660 a
546 2604 655 2675 Quam
681 2603 789 2667 Graeci
819 2606 1005 2685 tropologiae
1030 2609 1167 2677 vocant,
1196 2607 1232 2669 id
1262 2611 1312 2670 est

185 2703 326 2766 verbum
344 2722 385 2767 ex
401 2704 503 2766 verbo
523 2708 759 2779 oerriloqm'um
776 2721 864 2765 :nos
885 2705 996 2766 autern
1015 2704 1199 2767 novitatem
1216 2707 1311 2768 verbi

185 2818 251 2863 non
280 2802 362 2864 satis
391 2802 458 2881 apti
488 2802 674 2881 fugienteS,
706 2818 811 2881 genus
840 2801 902 2863 hoc
931 2802 1137 2864 notationem
1166 2804 1311 2883 appella-

184 2899 296 2962 mlIS⁴.
325 2924 336 2956 r

223 2998 431 3061 Medietates.
452 3023 463 3053 ι
486 2999 633 3061 Med-ia...
651 2999 709 3060 rix
730 2998 821 3060 enim
841 2999 946 3060 audeo
962 2998 1071 3061 dicere
1090 3001 1307 3063 medietates,

181 3113 265 3175 quas
278 3096 386 3158 Graeci
404 3101 561 3176 μεσέτητκς
577 3097 774 3177 appellant⁵.
797 3121 808 3153 r

224 3218 235 3249 a
261 3193 446 3265 Qualitates
461 3195 561 3274 igitur
577 3194 752 3275 appellavi,
768 3213 853 3274 quas
868 3199 1020 3273 ποιότητας
1034 3194 1143 3258 Graeci
1155 3199 1279 3259 vocant
1297 3217 1304 3258 :

180 3294 269 3371 quod
288 3291 401 3372 ipsum
420 3294 508 3372 apud
527 3292 662 3355 Graecos
679 3311 745 3356 non
768 3297 817 3355 est
840 3294 927 3373 volgi
949 3294 1100 3368 verbum,
1118 3294 1178 3355 sed
1197 3295 1306 3374 philo-

179 3390 430 3470 sophorumi.»

217 3488 312 3551 Certe
333 3490 470 3568 quidem
491 3507 556 3550 non
579 3507 641 3551 nos
661 3490 948 3570 vituperassemus
965 3489 1171 3564 Ciceronem,
1192 3490 1221 3551 si
1241 3508 1302 3552 sae-

103 3645 104 3648 ,
177 3587 254 3665 pius
274 3588 323 3649 uti
343 3605 447 3649 ausus
468 3591 557 3650 esset
575 3589 636 3650 hac
655 3589 790 3651 licentia
811 3606 916 3650 novas
933 3589 1119 3651 locutiones
1137 3589 1302 3669 fingendi,

177 3701 279 3762 quarn
299 3686 363 3747 sibi
379 3689 671 3749 Academicorum
688 3692 856 3760 priorum
875 3693 1027 3750 secundo
1047 3692 1134 3749 libro
1152 3687 1302 3749 vindica-

175 3786 278 3846 verat.
296 3782 467 3864 Quidquid
488 3789 601 3847 autem
620 3785 661 3846 de
682 3785 744 3846 bac
764 3785 870 3846 nimia
888 3786 1076 3864 diffidentia
1090 3786 1297 3865 judicamus,

208 4017 235 4071 1.
253 4018 303 4071 Ao
319 4019 392 4083 Ate,
409 4016 488 4083 XIV,
507 4017 551 4083 16,
569 4017 584 4071 i
595 4033 603 4081 ;
619 4015 654 4083 V,
671 4017 715 4081 11,
734 4017 760 4071 l.
779 4048 813 4055 —
827 4016 853 4071 2.
869 4017 979 4087 1B2²ltt.‚
995 4017 1040 4073 33.
1058 4049 1092 4056 -
1105 4017 1133 4072 3.
1150 4018 1199 4071 ,lc
1216 4019 1291 4079 nm..

172 4101 223 4168 IV,
239 4101 257 4156 8
272 4118 299 4168 a,
315 4102 341 4156 2.
351 4133 385 4140 -
395 4103 421 4157 l.
442 4103 525 4170 Top,
540 4102 567 4167 8,
582 4102 627 4157 35.
640 4132 671 4142 -
682 4103 709 4157 5.
734 4100 824 4167 Tira,
837 4104 862 4157 7.
877 4134 911 4141 -
924 4103 951 4158 6.
969 4105 1080 4169 Aroe,
1097 4103 1121 4171 I,
1140 4103 1167 4167 7,
1184 4102 1228 4158 25.
1245 4103 1292 4159 Cf.

115 4181 116 4185 ’
171 4185 270 4252 Klotz,
287 4188 353 4240 Lol.
371 4187 452 4253 seit,
470 4203 499 4258 p.
515 4186 559 4241 89.
1050 4203 1053 4210 ’
