2828 4808
707 320 861 382 -22-

220 456 326 531 didis‚
354 454 522 530 Platonis,
548 454 758 530 Aristotelia,
788 457 976 518 ceterorum
1006 456 1290 537 philosophorum
1319 460 1351 523 et

219 553 458 617 historicorum
473 553 573 616 effata
587 553 721 616 adamat
736 554 768 616 et
783 553 819 615 in
834 555 991 634 promptu
1006 554 1138 619 babeat.

260 651 486 725 Quamobrem
510 651 659 732 epistolae
684 653 716 714 et
741 652 782 714 ad
806 652 845 714 P.
870 653 1054 715 Lentulum
1079 654 1226 734 scriptae,
1252 656 1285 717 et
1312 656 1353 718 ad

221 752 314 814 Seru.
329 751 527 830 Sulpicium,
542 752 574 813 et
586 751 628 812 ad
640 748 685 812 M.
700 749 881 812 Claudium
893 749 1103 827 Marcellum,
1116 754 1148 814 et
1161 753 1205 814 ed
1218 753 1260 815 A.
1272 752 1355 816 Tor-

221 852 374 931 quatum,
388 851 421 912 et
435 849 477 911 ad
489 849 527 920 Q.
542 849 683 930 Leptam
699 848 753 910 his
767 849 903 912 indiciis
919 849 1198 913 familiarissimae
1213 868 1356 914 consue·

220 948 352 1012 tudinis
369 950 427 1010 aut
442 947 580 1009 omnino
597 948 654 1009 aut
675 946 745 1009 fere
765 948 890 1010 carent.
908 946 1001 1018 Quos
1023 948 1234 1034 clarissimos
1248 948 1356 1024 viros,

222 1048 258 1109 in
274 1064 309 1110 re
323 1045 458 1126 publica
470 1047 703 1126 praepotentes,
718 1044 929 1120 observabat,
945 1048 977 1108 et
992 1046 1090 1125 quasi
1103 1047 1359 1109 commilitones

223 1145 258 1207 in
273 1144 396 1207 iisdem
408 1161 468 1224 pro
483 1143 638 1206 libertate
652 1143 928 1206 dimicationibus
942 1145 975 1206 et
990 1144 1118 1224 proeliis
1130 1144 1276 1219 colebat,
1290 1162 1358 1207 non

220 1243 264 1306 iis
284 1242 502 1304 amicissimis
523 1242 682 1304 licentius
702 1242 870 1304 utebatur.
889 1241 1029 1312 Quando
1045 1244 1159 1305 autem
1175 1241 1216 1314 Q.
1236 1243 1358 1305 Tironi

224 1359 299 1427 suo,
314 1340 563 1403 humanissimo
577 1342 608 1402 et
624 1340 749 1420 optimo
763 1340 847 1414 vira,
862 1339 1007 1402 salutem
1022 1341 1089 1423 dat,
1103 1340 1158 1402 vel
1173 1341 1203 1403 si
1219 1341 1359 1420 quando

224 1442 265 1505 de
291 1439 484 1502 valetudine
514 1439 587 1519 ejus
616 1437 829 1521 sollicitatur,
853 1439 934 1500 tunc
960 1439 1212 1518 superfundunt
1240 1456 1359 1518 graecae
1409 1455 1410 1462 ¹

224 1555 325 1601 voces
342 1539 428 1600 etde
444 1538 533 1618 stylo
549 1537 711 1618 gregatim
727 1538 908 1616 erumpunt
925 1555 933 1598 τ

266 1661 277 1694 ι
305 1635 445 1716 Indulge
461 1635 650 1698 valetudini
665 1638 770 1697 tuae...
787 1633 837 1695 Ea
850 1634 940 1714 quid·
946 1635 1093 1715 postulet
1108 1652 1176 1698 non
1191 1634 1334 1716 ignoras
1351 1653 1359 1698 :

224 1740 318 1816 πέψιν,
333 1724 468 1813 4ἀιιοπίοιιι,
485 1737 638 1817 auspicatos
654 1736 824 1814 σύμμετροι,
838 1737 945 1814 τέρψιν,
962 1733 1092 1796 εὐλυσίαν
1105 1736 1252 1808 acellae&
1275 1757 1288 1790 ›

265 1833 351 1896 Cum
373 1831 414 1894 P.
429 1831 617 1907 Dolabella,
634 1847 757 1911 genero
777 1846 852 1905 suo,
870 1832 1082 1893 severitatem
1102 1831 1242 1906 excutit,
1259 1831 1362 1911 eique

225 1931 369 1993 libenter
389 1929 525 2004 arridet,
551 1946 745 2008 quanquam
769 1933 838 1990 non
862 1927 963 1992 habet
987 1929 1076 2008 quod
1100 1929 1226 1991 scribat
1250 1953 1262 1986 ι
1294 1930 1362 1992 nisi

227 2046 304 2091 eum
327 2045 346 2089 a
367 2045 403 2091 se
428 2027 630 2090 mirabiliter
651 2026 757 2089 amari
766 2027 790 2102 ²,
820 2050 831 2082 ι
857 2043 918 2088 nec
941 2044 1009 2088 non
1031 2044 1155 2106 graecas
1174 2044 1278 2090 voces
1303 2045 1364 2108 per

227 2126 380 2208 epistolia
402 2143 464 2187 sua
487 2126 624 2205 spargit.
642 2125 825 2188 Volumnio
849 2125 1042 2205 Eutrape10‚
1062 2125 1121 2205 qui
1143 2149 1154 2182 ι
1182 2126 1257 2189 sine
1279 2144 1363 2207 prae-

169 2302 171 2307 A
227 2225 364 2289 nomine
388 2223 612 2298 familiariter,
640 2225 678 2285 ut
702 2223 861 2298 debebat,
888 2223 930 2285 ad
956 2222 1153 2286 Ciceronem
1181 2225 1363 2304 epistolam

228 2323 367 2386 miserat
399 2345 410 2378 ι
437 2323 632 2402 respondet,
660 2322 802 2384 eandem
828 2322 883 2384 vel
915 2321 1062 2383 similem
1090 2322 1265 2385 licentiam
1296 2323 1363 2386 sibi

229 2439 380 2496 sumens,
398 2420 526 2483 scilicet
540 2419 645 2483 latina
659 2419 763 2482 verba
777 2420 895 2500 graccis
910 2420 1057 2483 varians.

270 2520 406 2582 Tertius
428 2519 617 2581 litterarum
641 2518 727 2581 liber
751 2523 795 2580 aa
816 2523 1017 2594 familiares
1042 2519 1245 2599 scriptarum
1268 2522 1363 2584 totus

230 2619 337 2700 Appio
359 2618 505 2680 Pulchro
530 2618 736 2692 conceditur,
758 2633 800 2678 ex
817 2634 882 2696 quo
903 2616 1004 2679 nullae
1026 2635 1067 2680 ne
1089 2635 1197 2680 unum
1220 2618 1362 2697 quidem

229 2717 459 2798 alienigenum
474 2715 679 2779 vocabulum
699 2715 892 2789 ostendunt,
909 2715 977 2777 nisi
992 2715 1154 2795 septimae.
1171 2715 1363 2796 Postquam

231 2816 321 2879 enim
337 2813 469 2895 Appius
494 2814 643 2876 Pulcher
657 2814 799 2893 questus
815 2814 886 2876 erat
909 2813 999 2892 quod
1017 2812 1083 2875 sibi
1104 2813 1252 2877 Romam
1268 2815 1365 2877 dece-

231 2913 473 2977 dentiobviam
489 2930 558 2975 non
573 2912 753 2992 prodiisset
766 2910 895 2985 Cicero.
907 2911 1159 2975 accuratissime
1174 2911 1229 2973 hic
1246 2916 1364 2977 noster

232 3030 267 3076 se
283 3013 412 3093 purgat,
429 3013 461 3074 et
475 3011 549 3091 ejus
564 3011 703 3091 εὐγένειαν
718 3009 896 3073 collaudat.
912 3011 1001 3072 Eum
1015 3012 1129 3074 tamen
1142 3009 1264 3074 liberat
1280 3029 1363 3074 cura

231 3113 296 3176 ista
310 3111 395 3176 bene
411 3111 533 3193 agendi
548 3126 627 3190 erga
642 3127 678 3171 se
695 3127 703 3169 :

665 3264 676 3292 ιι
695 3241 751 3315 παρ’
764 3241 847 3316 ἔμοιγε
861 3244 902 3296 καὶ
920 3242 1004 3313 ἄλλοι,

444 3335 469 3388 οἵ
481 3335 508 3388 κέ
522 3353 552 3407 με
565 3333 706 3406 τιμήσουσι,
720 3333 827 3405 μάλιστα
840 3330 866 3386 δὲ
881 3333 982 3406 μητιέτα
995 3333 1061 3395 Ζεύς.

277 3529 288 3561 ι
313 3505 350 3568 Si
374 3506 486 3569 autem
512 3523 549 3569 es
577 3506 700 3568 natura
724 3506 880 3587 φιλαίτιος,
905 3503 991 3566 illud
1019 3520 1086 3565 non
1116 3501 1271 3583 perficies
1295 3522 1363 3586 quo

235 3603 348 3666 minus
367 3605 426 3667 tua
447 3622 550 3667 causa
569 3603 711 3668 velim...
728 3603 808 3665 Haec
823 3603 865 3664 ad
884 3604 916 3665 te
938 3601 1058 3682 scripsi
1079 3600 1233 3676 liberius,
1253 3601 1364 3666 fretus

235 3702 441 3765 conscientia
468 3702 571 3766 officii
600 3703 668 3766 mei
696 3701 1005 3780 benevolentiaque
1036 3717 1120 3762 meae
1134 3701 1157 3762 ³.
1190 3699 1363 3782 »Nempe

235 3799 279 3862 M.
296 3799 429 3863 Tullius
442 3801 513 3880 ipse
535 3819 598 3864 nos
612 3802 709 3865 docet
730 3817 767 3864 se
787 3816 893 3881 graeca
908 3815 1071 3879 usurpare
1091 3814 1169 3860 cum
1186 3820 1198 3853 ι
1216 3796 1363 3862 liberius

237 3898 373 3961 scribat.
395 3922 408 3955 »

237 4122 297 4263 ΙΙΙ1.
317 4122 366 4176 Ad
386 4121 516 4192 Famil„
539 4123 618 4190 XVI,
640 4121 684 4179 18.
701 4151 734 4163 -
751 4122 778 4178 2,
799 4122 847 4175 Ad
872 4119 1001 4187 Famil„
1026 4121 1079 4186 IX,
1101 4119 1145 4176 10.
1163 4119 1242 4176 -3.
1265 4119 1357 4188 ibid„

284 4250 291 4277 ‚
308 4208 335 4275 7,
352 4209 379 4265 6.
