2828 4808
634 375 670 388 -
693 343 729 404 61
754 375 792 387 ..

150 478 219 559 ἄνηρ
244 474 330 538 nihil
352 475 443 537 aliud
467 475 678 554 probandum
699 476 843 555 judicat,
872 476 938 538 nisi
962 475 1052 555 quod
1078 475 1182 537 semel
1207 492 1274 536 am·

148 574 269 654 plexus
289 575 349 649 sit,
366 591 432 654 qua
457 574 597 636 eandem
617 574 708 636 viam
730 591 837 653 usque
861 575 902 636 ad
923 574 1024 636 finem
1047 572 1223 654 improbus
1242 575 1275 635 et

149 689 224 733 acer
239 672 353 734 calcat.
368 671 412 733 At
427 671 602 751 ingenium
616 670 790 733 Ciceronis
805 671 995 733 miserrime
1010 687 1125 750 sagax,
1143 670 1275 732 acutius

148 771 250 832 ctiam
272 773 304 832 et
323 770 430 850 magis
452 771 628 850 perspicax
648 769 774 833 iactum
795 773 865 832 erat
884 787 990 850 graeca
1009 770 1067 831 illa
1085 771 1276 831 controver-

148 869 277 930 siarum
292 868 482 947 disciplina.

188 966 270 1039 Quae
294 966 490 1028 umbraticae
513 967 778 1030 consultationes
801 967 937 1046 quantis
958 966 994 1027 in
1017 965 1275 1029 discriminibus

148 1082 166 1126 a
188 1069 303 1127 nostro
327 1064 561 1140 adhibeantur,
586 1067 741 1144 quartam
769 1065 849 1127 noni
873 1063 951 1127 libri
974 1064 1151 1145 epistolam
1170 1065 1274 1126 iotam

146 1165 380 1244 pervolventes
400 1163 616 1226 admiramur.
634 1163 746 1226 Caesar
764 1164 855 1226 enim
875 1162 983 1226 bostis
1002 1164 1170 1238 adventat,
1187 1161 1277 1241 Mag-

149 1280 213 1324 nus
233 1262 290 1324 ille
310 1261 406 1341 fugit,
426 1262 557 1324 dubitat
576 1264 690 1324 autem
708 1263 760 1323 vir
780 1262 968 1324 consularis
988 1263 1103 1323 utrum
1123 1260 1276 1322 initalia

148 1377 320 1422 remanere
338 1377 380 1420 an
399 1359 485 1440 fugae
504 1358 658 1439 Pompeii
677 1360 808 1422 socium
827 1377 863 1422 se
879 1360 1000 1422 addere
1016 1360 1141 1422 deceat.
1160 1359 1277 1421 Abun-

148 1461 228 1521 dant
243 1459 347 1538 igitur
364 1459 522 1538 utrinque
544 1459 702 1533 rationes
720 1476 780 1520 nec
798 1460 927 1520 certum
948 1457 1179 1537 Atticiipsius
1200 1474 1276 1518 con-

149 1556 289 1618 silium:
802 1618 807 1627 ,

188 1679 200 1711 ‹
226 1654 254 1717 Ο
278 1671 349 1716 rem
372 1653 559 1729 difficilem,
580 1655 745 1734 planeque
762 1654 946 1734 perditam!
963 1653 1071 1725 Quam
1090 1653 1176 1715 nihil
1191 1671 1274 1733 prae·

147 1753 307 1815 termittis
329 1752 364 1813 in
391 1753 533 1814 consilio
558 1753 688 1815 dandoi
718 1751 826 1824 Quam
852 1752 937 1814 nihil
964 1754 1076 1815 tamen
1099 1752 1189 1831 quod
1213 1752 1276 1814 tibi

146 1852 275 1930 placeat
289 1851 453 1930 explicas!
469 1852 546 1913 Non
562 1868 636 1913 esse
652 1868 719 1912 una
734 1869 787 1913 me
804 1868 880 1912 oum
899 1850 1060 1930 Pompeio
1074 1850 1220 1929 gaudes3
1237 1868 1274 1912 ac

147 1949 307 2029 proponis
323 1966 424 2028 quam
441 1950 485 2012 sit
501 1953 598 2030 turpe
614 1967 667 2011 me
684 1951 801 2011 adesse
817 1949 980 2027 (inimicis
996 1948 1081 2028 ejus)
1092 1951 1141 2010 ¹...
1169 1973 1180 2004 ν

186 2047 295 2119 Quam
324 2048 366 2109 ad
395 2048 708 2128 tergiversationem
737 2047 1015 2109 molestissimam
1044 2047 1272 2121 eximendam,

148 2147 262 2208 statim
276 2149 481 2208 concurrunt
501 2146 711 2209 scholasticae
727 2146 976 2220 controversia,
997 2146 1121 2207 exteris
1136 2145 1275 2207 locutio-

148 2245 248 2306 nibus
264 2247 422 2320 tractatae,
435 2246 599 2324 ,quoniam
618 2262 665 2308 eae
684 2248 763 2308 sunt
779 2247 971 2307 exterorum
989 2244 1161 2307 rhetorum
1181 2261 1275 2306 exer·

147 2343 334 2405 citationes.

188 2465 199 2496 ι
220 2442 289 2521 Ego
303 2441 366 2504 etsi
381 2441 510 2503 tamdiu
527 2441 711 2520 requiesco,
728 2441 890 2521 quamdiu
907 2443 964 2502 aut
980 2442 1023 2503 ad
1038 2444 1070 2504 te
1086 2440 1196 2503 scribo
1213 2443 1271 2503 aut

146 2541 222 2600 tuas
237 2539 367 2602 litteras
381 2539 467 2619 lego,
483 2541 597 2603 tamen
612 2543 644 2602 et
659 2541 730 2619 ipse
747 2557 825 2620 egeo
839 2542 1037 2621 argumento
1053 2539 1272 2626 epistolarum

146 2639 177 2699 et
200 2637 261 2699 tibi
286 2637 377 2700 idem
401 2638 550 2717 accidere
572 2640 661 2700 certo
685 2639 754 2699 scio
780 2656 786 2698 :
810 2655 885 2717 quae
908 2639 998 2699 enim
1023 2638 1132 2699 soluto
1157 2637 1270 2700 animo

147 2735 357 2798 familiariter
377 2736 479 2798 scribi
505 2736 630 2811 solent,
658 2754 696 2799 ea
722 2737 932 2816 temporibus
959 2736 1013 2797 bis
1033 2736 1271 2812 excluduntur,

146 2851 220 2913 quaa
249 2836 362 2896 autem
389 2834 615 2897 sunthorum
645 2836 852 2915 temporum,
876 2852 915 2897 ea
937 2835 1008 2914 jam
1035 2834 1269 2897 contrivimus.

146 2932 211 2995 Sed
231 2934 361 3007 tamen,
387 2951 428 2994 ne
452 2951 504 2995 me
527 2935 636 2995 totum
660 2933 851 3013 aegritudini
876 2934 1012 3006 dedam,
1033 2933 1165 3013 sumpsi
1186 2933 1272 2994 mibi

145 3031 309 3110 quasdam
325 3032 486 3110 tanquam
504 3034 605 3107 θέσεις,
627 3048 701 3110 quae
718 3034 749 3093 et
767 3032 910 3093 πολιτικαὶ
930 3032 1011 3093 sunt
1032 3033 1064 3093 et
1080 3033 1271 3111 temporum

145 3128 278 3201 horum,
295 3129 332 3189 ut
348 3129 379 3188 et
400 3127 565 3189 abducam
581 3128 732 3189 animum
753 3128 793 3189 ab
810 3129 958 3207 querelis
974 3131 1006 3191 et
1023 3129 1058 3190 in
1075 3145 1113 3190 eo
1129 3128 1214 3208 ipse,
1232 3129 1271 3190 de

144 3243 210 3306 quo
226 3225 346 3305 agitur,
364 3243 533 3287 exercear.
558 3225 615 3287 Eae
631 3228 711 3288 sunt
725 3227 923 3306 hujusmodi
943 3245 950 3286 :

183 3325 218 3386 Εἰ
238 3328 364 3403 μενετέον
386 3327 413 3384 ἐν
433 3332 468 3407 τῇ
489 3328 601 3406 τοιτρίδι
626 3331 846 3408 τυρκννουρὲνη;
868 3329 1088 3407 τυραννουμένης
1110 3327 1140 3386 δὲ
1164 3326 1268 3402 αὐτῆς,

144 3422 167 3484 εἰ
187 3424 269 3484 ποιντὶ
290 3425 384 3504 τρόπῳ
406 3424 563 3503 τυραννίδος
585 3425 739 3483 κατάλυσιν
763 3427 1002 3505 apr-(pateream,
1025 3429 1077 3484 κᾶν
1101 3425 1197 3506 μέλλῃ
1223 3425 1271 3483 διὰ
1363 3444 1365 3450 ·

142 3527 223 3582 τοῦτο
234 3521 296 3601 περὶ
309 3528 363 3580 τῶν
374 3523 450 3581 ὅλων
461 3523 478 3596 ἡ
493 3523 576 3593 πόλις
585 3522 784 3598 κινδυνεύσεινη
800 3520 822 3581 εἰ
835 3521 1004 3597 εὐλυιέητὲον
1018 3523 1063 3581 τον
1076 3524 1267 3599 rescidentur,

144 3621 182 3697 μὴ
205 3619 288 3691 αὐτος
312 3620 444 3701 signare,
467 3619 490 3680 εἰ
512 3619 658 3700 τειρκτέον
679 3619 792 3699 ἀρήγειν
815 3627 849 3701 τῇ
873 3620 984 3699 πατρίδι
1008 3626 1098 3700 καιρῷ
1120 3619 1167 3680 καὶ
1190 3621 1269 3699 λόγῳ

144 3718 255 3794 μᾶλλον
276 3720 293 3792 ἢ
316 3719 450 3796 τολὲ;ν.ῳ;
474 3717 497 3778 εἰ
518 3718 662 3777 πολιτικὸν
681 3718 713 3777 το
735 3718 882 3795 ἡσυχάζειν
906 3718 1129 3798 ἀνυχωρήσκντοί
1150 3739 1196 3778 τοι
1218 3724 1269 3793 τῆς

141 3817 274 3896 πατρίδος
297 3819 530 3896 τυραννουμένης,
556 3818 573 3891 ἢ
597 3815 641 3874 διὰ
665 3816 767 3887 τκντὲς
792 3815 862 3876 ἰτέον
883 3816 1006 3876 κινδύνου
1030 3821 1081 3889 τῆς
1103 3816 1268 3894 ἐλευθερίας

141 3918 221 3994 πτέρις
241 3913 265 3974 εἰ
279 3915 407 3991 πόλεμος
427 3914 562 3985 ἐπκκτὲος
577 3920 612 3995 τῇ
626 3916 709 3994 χώρη
722 3914 770 3973 nui
787 3915 990 3993 τολιορκητέον
1010 3913 1094 3988 αὐτὴν
1114 3935 1268 3993 τυραννου-

142 4015 225 4089 μένην
235 4031 252 4087 ;’
264 4011 287 4072 εἰ
301 4012 348 4072 καὶ
365 4014 403 4089 μὴ
423 4013 608 4089 δοκιμάζοντα
627 4014 676 4086 τὴν
692 4012 737 4071 διὰ
756 4013 882 4089 πολέμου
897 4014 1052 4072 κατάλυσιν
1067 4018 1119 4086 τῆς
1138 4012 1261 4092 τυραννί-

176 4217 202 4271 1.
225 4218 275 4270 Αά
290 4217 366 4280 nu,
385 4217 438 4280 IX,
453 4217 487 4270 12
498 4232 526 4282 a,
545 4217 571 4269 1.
