<?xml version="1.0" encoding="UTF-8"?>
<!DOCTYPE html PUBLIC "-//W3C//DTD XHTML 1.0 Transitional//EN"
    "http://www.w3.org/TR/xhtml1/DTD/xhtml1-transitional.dtd">
<html xmlns="http://www.w3.org/1999/xhtml" xml:lang="en" lang="en">
 <head>
  <title>
</title>
<meta http-equiv="Content-Type" content="text/html;charset=utf-8" />
  <meta name='ocr-system' content='tesseract 3.04.00' />
  <meta name='ocr-capabilities' content='ocr_page ocr_carea ocr_par ocr_line ocrx_word'/>
</head>
<body>
  <div class='ocr_page' id='page_1' title='image "./deciceronegraec00fontgoog_0102.png"; bbox 0 0 2828 4808; ppageno 0'>
   <div class='ocr_carea' id='block_1_1' title="bbox 632 311 790 368">
    <p class='ocr_par' dir='ltr' id='par_1_1' title="bbox 632 311 790 368">
     <span class='ocr_line' id='line_1_1' title="bbox 632 311 790 368; baseline 0.013 -15"><span class='ocrx_word' id='word_1_1' title='bbox 632 311 790 368; x_wconf 69' lang='lat'>„73-</span> 
     </span>
    </p>
   </div>
   <div class='ocr_carea' id='block_1_2' title="bbox 125 440 1333 3672">
    <p class='ocr_par' dir='ltr' id='par_1_2' title="bbox 140 440 1271 625">
     <span class='ocr_line' id='line_1_2' title="bbox 186 440 1271 527; baseline -0.003 -23"><span class='ocrx_word' id='word_1_2' title='bbox 186 447 451 527; x_wconf 70' lang='grc' dir='ltr'>Συφφιλοαοφῆααι,</span> <span class='ocrx_word' id='word_1_3' title='bbox 472 460 540 505; x_wconf 89' lang='lat' dir='ltr'>una</span> <span class='ocrx_word' id='word_1_4' title='bbox 559 459 636 503; x_wconf 87' lang='lat' dir='ltr'>eum</span> <span class='ocrx_word' id='word_1_5' title='bbox 657 442 722 503; x_wconf 88' lang='lat' dir='ltr'>alio</span> <span class='ocrx_word' id='word_1_6' title='bbox 743 440 1011 521; x_wconf 81' lang='lat' dir='ltr'>philosophari«</span> <span class='ocrx_word' id='word_1_7' title='bbox 1031 441 1183 502; x_wconf 82' lang='lat' dir='ltr'><strong>Fratrem</strong></span> <span class='ocrx_word' id='word_1_8' title='bbox 1204 458 1271 502; x_wconf 92' lang='lat' dir='ltr'>me-</span> 
     </span>
     <span class='ocr_line' id='line_1_3' title="bbox 140 540 1186 625; baseline -0.006 -20"><span class='ocrx_word' id='word_1_9' title='bbox 140 561 220 605; x_wconf 83' lang='lat' dir='ltr'>eum</span> <span class='ocrx_word' id='word_1_10' title='bbox 241 544 324 604; x_wconf 81' lang='lat' dir='ltr'>etta</span> <span class='ocrx_word' id='word_1_11' title='bbox 345 541 374 602; x_wconf 90' lang='lat' dir='ltr'>si</span> <span class='ocrx_word' id='word_1_12' title='bbox 394 540 536 614; x_wconf 76' lang='lat' dir='ltr'>babebu,</span> <span class='ocrx_word' id='word_1_13' title='bbox 604 540 959 625; x_wconf 67' lang='grc' dir='ltr'>νοίνίετυμφιλοτοφῆται</span> <span class='ocrx_word' id='word_1_14' title='bbox 975 542 1146 619; x_wconf 84' lang='lat' dir='ltr'>possum1.</span> <span class='ocrx_word' id='word_1_15' title='bbox 1176 562 1186 593; x_wconf 84' lang='grc' dir='ltr'>ι</span> 
     </span>
    </p>

    <p class='ocr_par' dir='ltr' id='par_1_3' title="bbox 182 639 1080 720">
     <span class='ocr_line' id='line_1_4' title="bbox 182 639 1080 720; baseline -0.004 -18"><span class='ocrx_word' id='word_1_16' title='bbox 182 640 268 702; x_wconf 84' lang='lat' dir='ltr'>Cum</span> <span class='ocrx_word' id='word_1_17' title='bbox 284 640 448 720; x_wconf 80' lang='lat' dir='ltr'>adjectivo</span> <span class='ocrx_word' id='word_1_18' title='bbox 462 642 543 720; x_wconf 85' lang='grc' dir='ltr'>φίλος</span> <span class='ocrx_word' id='word_1_19' title='bbox 559 639 812 718; x_wconf 84' lang='lat' dir='ltr'>conjunguntur</span> <span class='ocrx_word' id='word_1_20' title='bbox 828 639 924 717; x_wconf 88' lang='lat' dir='ltr'>plura</span> <span class='ocrx_word' id='word_1_21' title='bbox 942 657 949 698; x_wconf 92' lang='lat'>:</span> <span class='ocrx_word' id='word_1_22' title='bbox 1076 699 1080 707; x_wconf 84' lang='grc'>,</span> 
     </span>
    </p>

    <p class='ocr_par' dir='ltr' id='par_1_4' title="bbox 141 731 1270 915">
     <span class='ocr_line' id='line_1_5' title="bbox 182 731 1270 813; baseline -0.006 -15"><span class='ocrx_word' id='word_1_23' title='bbox 182 739 357 809; x_wconf 83' lang='grc' dir='ltr'>Φιλαίτιος,·</span> <span class='ocrx_word' id='word_1_24' title='bbox 368 734 546 796; x_wconf 82' lang='lat' dir='ltr'>accusandi</span> <span class='ocrx_word' id='word_1_25' title='bbox 563 737 595 794; x_wconf 88' lang='lat' dir='ltr'>et</span> <span class='ocrx_word' id='word_1_26' title='bbox 610 732 774 812; x_wconf 85' lang='lat' dir='ltr'>querendi</span> <span class='ocrx_word' id='word_1_27' title='bbox 790 733 943 813; x_wconf 79' lang='lat' dir='ltr'>cupidus,</span> <span class='ocrx_word' id='word_1_28' title='bbox 962 755 973 787; x_wconf 83' lang='grc' dir='ltr'>ι</span> <span class='ocrx_word' id='word_1_29' title='bbox 989 732 1107 810; x_wconf 83' lang='lat' dir='ltr'>Neque</span> <span class='ocrx_word' id='word_1_30' title='bbox 1123 731 1270 793; x_wconf 87' lang='lat' dir='ltr'>Tubero-</span> 
     </span>
     <span class='ocr_line' id='line_1_6' title="bbox 141 826 1063 915; baseline -0.011 -21"><span class='ocrx_word' id='word_1_31' title='bbox 141 851 221 896; x_wconf 87' lang='lat' dir='ltr'>nem</span> <span class='ocrx_word' id='word_1_32' title='bbox 237 826 313 894; x_wconf 87' lang='lat' dir='ltr'>volo</span> <span class='ocrx_word' id='word_1_33' title='bbox 329 831 509 894; x_wconf 86' lang='lat' dir='ltr'>offendere.</span> <span class='ocrx_word' id='word_1_34' title='bbox 528 831 667 893; x_wconf 84' lang='lat' dir='ltr'>Miritiee</span> <span class='ocrx_word' id='word_1_35' title='bbox 683 833 733 892; x_wconf 85' lang='lat' dir='ltr'>est</span> <span class='ocrx_word' id='word_1_36' title='bbox 747 831 837 892; x_wconf 87' lang='lat' dir='ltr'>enim</span> <span class='ocrx_word' id='word_1_37' title='bbox 853 833 995 915; x_wconf 70' lang='grc' dir='ltr'>φιλαίτιος</span> <span class='ocrx_word' id='word_1_38' title='bbox 1007 831 1029 890; x_wconf 79' lang='lat'>².</span> <span class='ocrx_word' id='word_1_39' title='bbox 1052 853 1063 884; x_wconf 82' lang='grc' dir='ltr'>ι</span> 
     </span>
    </p>

    <p class='ocr_par' dir='ltr' id='par_1_5' title="bbox 143 927 1271 1207">
     <span class='ocr_line' id='line_1_7' title="bbox 184 927 1271 1008; baseline -0.006 -15"><span class='ocrx_word' id='word_1_40' title='bbox 184 933 341 1005; x_wconf 76' lang='grc' dir='ltr'>Φιλαυτία,</span> <span class='ocrx_word' id='word_1_41' title='bbox 355 946 451 992; x_wconf 84' lang='lat' dir='ltr'>amor</span> <span class='ocrx_word' id='word_1_42' title='bbox 472 929 525 991; x_wconf 92' lang='lat' dir='ltr'>sui</span> <span class='ocrx_word' id='word_1_43' title='bbox 550 929 701 1008; x_wconf 79' lang='lat' dir='ltr'>ipsius«</span> <span class='ocrx_word' id='word_1_44' title='bbox 722 929 814 990; x_wconf 85' lang='lat' dir='ltr'>Libri</span> <span class='ocrx_word' id='word_1_45' title='bbox 837 928 974 1008; x_wconf 88' lang='lat' dir='ltr'>quidem</span> <span class='ocrx_word' id='word_1_46' title='bbox 997 927 1044 989; x_wconf 87' lang='lat' dir='ltr'>ita</span> <span class='ocrx_word' id='word_1_47' title='bbox 1063 927 1217 988; x_wconf 81' lang='lat' dir='ltr'>exierunt</span> <span class='ocrx_word' id='word_1_48' title='bbox 1233 961 1271 968; x_wconf 95' lang='lat'><strong>—</strong></span> 
     </span>
     <span class='ocr_line' id='line_1_8' title="bbox 144 1025 1270 1112; baseline -0.005 -21"><span class='ocrx_word' id='word_1_49' title='bbox 144 1029 213 1091; x_wconf 91' lang='lat' dir='ltr'>nisi</span> <span class='ocrx_word' id='word_1_50' title='bbox 233 1029 318 1091; x_wconf 88' lang='lat' dir='ltr'>forte</span> <span class='ocrx_word' id='word_1_51' title='bbox 336 1046 388 1090; x_wconf 89' lang='lat' dir='ltr'>me</span> <span class='ocrx_word' id='word_1_52' title='bbox 408 1027 597 1089; x_wconf 86' lang='lat' dir='ltr'>communis</span> <span class='ocrx_word' id='word_1_53' title='bbox 618 1029 753 1112; x_wconf 80' lang='grc' dir='ltr'>φιλαυτία</span> <span class='ocrx_word' id='word_1_54' title='bbox 773 1026 895 1105; x_wconf 80' lang='lat' dir='ltr'>decipit</span> <span class='ocrx_word' id='word_1_55' title='bbox 910 1061 948 1091; x_wconf 91' lang='grc'>,-</span> <span class='ocrx_word' id='word_1_56' title='bbox 965 1027 1002 1087; x_wconf 88' lang='lat' dir='ltr'>ut</span> <span class='ocrx_word' id='word_1_57' title='bbox 1021 1026 1056 1087; x_wconf 92' lang='lat' dir='ltr'>in</span> <span class='ocrx_word' id='word_1_58' title='bbox 1072 1025 1129 1087; x_wconf 89' lang='lat' dir='ltr'>tali</span> <span class='ocrx_word' id='word_1_59' title='bbox 1151 1042 1270 1104; x_wconf 86' lang='lat' dir='ltr'>genere</span> 
     </span>
     <span class='ocr_line' id='line_1_9' title="bbox 143 1123 987 1207; baseline -0.012 -17"><span class='ocrx_word' id='word_1_60' title='bbox 143 1147 185 1190; x_wconf 87' lang='lat' dir='ltr'>ne</span> <span class='ocrx_word' id='word_1_61' title='bbox 200 1128 289 1207; x_wconf 86' lang='lat' dir='ltr'>apud</span> <span class='ocrx_word' id='word_1_62' title='bbox 305 1127 439 1197; x_wconf 79' lang='lat' dir='ltr'>Graecos</span> <span class='ocrx_word' id='word_1_63' title='bbox 455 1126 592 1206; x_wconf 88' lang='lat' dir='ltr'>quidem</span> <span class='ocrx_word' id='word_1_64' title='bbox 613 1125 724 1187; x_wconf 87' lang='lat' dir='ltr'>simile</span> <span class='ocrx_word' id='word_1_65' title='bbox 739 1123 952 1204; x_wconf 83' lang='lat' dir='ltr'>quicquam³.</span> <span class='ocrx_word' id='word_1_66' title='bbox 976 1149 987 1180; x_wconf 78' lang='grc' dir='ltr'>ν</span> 
     </span>
    </p>

    <p class='ocr_par' dir='ltr' id='par_1_6' title="bbox 144 1222 1270 1385">
     <span class='ocr_line' id='line_1_10' title="bbox 182 1222 1270 1304; baseline -0.004 -17"><span class='ocrx_word' id='word_1_67' title='bbox 182 1227 378 1302; x_wconf 76' lang='grc' dir='ltr'>Φιλίλληνες,</span> <span class='ocrx_word' id='word_1_68' title='bbox 400 1240 585 1304; x_wconf 79' lang='lat' dir='ltr'>graecorum</span> <span class='ocrx_word' id='word_1_69' title='bbox 600 1224 763 1285; x_wconf 87' lang='lat' dir='ltr'>amantes.</span> <span class='ocrx_word' id='word_1_70' title='bbox 783 1245 794 1278; x_wconf 83' lang='grc' dir='ltr'>ι</span> <span class='ocrx_word' id='word_1_71' title='bbox 814 1222 940 1284; x_wconf 86' lang='lat' dir='ltr'>Praeter</span> <span class='ocrx_word' id='word_1_72' title='bbox 954 1224 1081 1283; x_wconf 88' lang='lat' dir='ltr'>ceteros</span> <span class='ocrx_word' id='word_1_73' title='bbox 1096 1224 1270 1303; x_wconf 73' lang='grc' dir='ltr'>φιλέλληνες</span> 
     </span>
     <span class='ocr_line' id='line_1_11' title="bbox 144 1319 612 1385; baseline -0.017 0"><span class='ocrx_word' id='word_1_74' title='bbox 144 1325 175 1385; x_wconf 89' lang='lat' dir='ltr'>et</span> <span class='ocrx_word' id='word_1_75' title='bbox 192 1340 313 1384; x_wconf 90' lang='lat' dir='ltr'>sumus</span> <span class='ocrx_word' id='word_1_76' title='bbox 328 1324 360 1384; x_wconf 86' lang='lat' dir='ltr'>et</span> <span class='ocrx_word' id='word_1_77' title='bbox 375 1321 540 1384; x_wconf 81' lang='lat' dir='ltr'>habemur</span> <span class='ocrx_word' id='word_1_78' title='bbox 551 1319 574 1381; x_wconf 87' lang='lat'>⁴.</span> <span class='ocrx_word' id='word_1_79' title='bbox 601 1345 612 1377; x_wconf 83' lang='grc' dir='ltr'>ι</span> 
     </span>
    </p>

    <p class='ocr_par' dir='ltr' id='par_1_7' title="bbox 141 1418 1270 1599">
     <span class='ocr_line' id='line_1_12' title="bbox 182 1418 1270 1494; baseline -0.003 -12"><span class='ocrx_word' id='word_1_80' title='bbox 182 1420 365 1494; x_wconf 72' lang='grc' dir='ltr'>Φιλίνδοξος,</span> <span class='ocrx_word' id='word_1_81' title='bbox 391 1422 520 1480; x_wconf 86' lang='lat' dir='ltr'>amator</span> <span class='ocrx_word' id='word_1_82' title='bbox 547 1419 732 1481; x_wconf 81' lang='lat' dir='ltr'>illustrium</span> <span class='ocrx_word' id='word_1_83' title='bbox 757 1419 920 1480; x_wconf 86' lang='lat' dir='ltr'>virorum.</span> <span class='ocrx_word' id='word_1_84' title='bbox 938 1442 950 1473; x_wconf 80' lang='grc' dir='ltr'>ι</span> <span class='ocrx_word' id='word_1_85' title='bbox 970 1419 1008 1480; x_wconf 88' lang='lat' dir='ltr'>In</span> <span class='ocrx_word' id='word_1_86' title='bbox 1031 1419 1181 1479; x_wconf 85' lang='lat' dir='ltr'>Varrone</span> <span class='ocrx_word' id='word_1_87' title='bbox 1204 1418 1270 1479; x_wconf 88' lang='lat' dir='ltr'>istu</span> 
     </span>
     <span class='ocr_line' id='line_1_13' title="bbox 141 1512 1118 1599; baseline -0.01 -17"><span class='ocrx_word' id='word_1_88' title='bbox 141 1537 244 1582; x_wconf 84' lang='lat' dir='ltr'>eausa</span> <span class='ocrx_word' id='word_1_89' title='bbox 260 1537 312 1580; x_wconf 93' lang='lat' dir='ltr'>me</span> <span class='ocrx_word' id='word_1_90' title='bbox 328 1536 395 1580; x_wconf 88' lang='lat' dir='ltr'>non</span> <span class='ocrx_word' id='word_1_91' title='bbox 412 1521 571 1592; x_wconf 69' lang='lat' dir='ltr'>moveret,</span> <span class='ocrx_word' id='word_1_92' title='bbox 590 1535 631 1579; x_wconf 91' lang='lat' dir='ltr'>ne</span> <span class='ocrx_word' id='word_1_93' title='bbox 648 1519 778 1579; x_wconf 86' lang='lat' dir='ltr'>viderer</span> <span class='ocrx_word' id='word_1_94' title='bbox 792 1515 954 1599; x_wconf 69' lang='grc' dir='ltr'>φιλίνδοξος</span> <span class='ocrx_word' id='word_1_95' title='bbox 965 1521 987 1578; x_wconf 85' lang='lat'>⁵.</span> <span class='ocrx_word' id='word_1_96' title='bbox 1009 1541 1021 1572; x_wconf 80' lang='grc' dir='ltr'>ι</span> <span class='ocrx_word' id='word_1_97' title='bbox 1114 1512 1118 1516; x_wconf 85' lang='grc'><strong>’</strong></span> 
     </span>
    </p>

    <p class='ocr_par' dir='ltr' id='par_1_8' title="bbox 143 1616 1271 1880">
     <span class='ocr_line' id='line_1_14' title="bbox 182 1616 1271 1696; baseline -0.004 -16"><span class='ocrx_word' id='word_1_98' title='bbox 182 1619 360 1696; x_wconf 77' lang='grc' dir='ltr'>Φιλήδονος,</span> <span class='ocrx_word' id='word_1_99' title='bbox 377 1617 560 1696; x_wconf 89' lang='lat' dir='ltr'>voluptatis</span> <span class='ocrx_word' id='word_1_100' title='bbox 580 1618 719 1678; x_wconf 88' lang='lat' dir='ltr'>amator.</span> <span class='ocrx_word' id='word_1_101' title='bbox 739 1639 750 1670; x_wconf 79' lang='grc' dir='ltr'>ι</span> <span class='ocrx_word' id='word_1_102' title='bbox 771 1617 798 1677; x_wconf 83' lang='lat' dir='ltr'>[i</span> <span class='ocrx_word' id='word_1_103' title='bbox 823 1616 881 1695; x_wconf 91' lang='lat' dir='ltr'>qui</span> <span class='ocrx_word' id='word_1_104' title='bbox 902 1616 1032 1677; x_wconf 86' lang='lat' dir='ltr'>avobis</span> <span class='ocrx_word' id='word_1_105' title='bbox 1051 1617 1194 1696; x_wconf 76' lang='grc' dir='ltr'>φιλήδονοι</span> <span class='ocrx_word' id='word_1_106' title='bbox 1216 1632 1271 1676; x_wconf 89' lang='lat' dir='ltr'>vo·</span> 
     </span>
     <span class='ocr_line' id='line_1_15' title="bbox 143 1714 1271 1799; baseline -0.006 -19"><span class='ocrx_word' id='word_1_107' title='bbox 143 1720 264 1780; x_wconf 83' lang='lat' dir='ltr'>rantur</span> <span class='ocrx_word' id='word_1_108' title='bbox 275 1718 355 1778; x_wconf 86' lang='lat' dir='ltr'>sunt</span> <span class='ocrx_word' id='word_1_109' title='bbox 365 1718 515 1797; x_wconf 75' lang='grc' dir='ltr'>φιλέκκλοι</span> <span class='ocrx_word' id='word_1_110' title='bbox 527 1716 558 1777; x_wconf 90' lang='lat' dir='ltr'>et</span> <span class='ocrx_word' id='word_1_111' title='bbox 570 1716 751 1799; x_wconf 68' lang='grc' dir='ltr'>φιλοδίκαιοι,</span> <span class='ocrx_word' id='word_1_112' title='bbox 762 1732 946 1793; x_wconf 87' lang='lat' dir='ltr'>omnesque</span> <span class='ocrx_word' id='word_1_113' title='bbox 962 1715 1102 1776; x_wconf 86' lang='lat' dir='ltr'>virtutes</span> <span class='ocrx_word' id='word_1_114' title='bbox 1115 1716 1146 1775; x_wconf 89' lang='lat' dir='ltr'>et</span> <span class='ocrx_word' id='word_1_115' title='bbox 1158 1714 1271 1776; x_wconf 85' lang='lat' dir='ltr'>colunt</span> 
     </span>
     <span class='ocr_line' id='line_1_16' title="bbox 144 1815 409 1880; baseline -0.034 -1"><span class='ocrx_word' id='word_1_116' title='bbox 144 1819 178 1880; x_wconf 89' lang='lat' dir='ltr'>et</span> <span class='ocrx_word' id='word_1_117' title='bbox 195 1815 371 1877; x_wconf 83' lang='lat' dir='ltr'>retinent⁶.</span> <span class='ocrx_word' id='word_1_118' title='bbox 398 1839 409 1870; x_wconf 81' lang='grc' dir='ltr'>ι</span> 
     </span>
    </p>

    <p class='ocr_par' dir='ltr' id='par_1_9' title="bbox 144 1907 1270 2094">
     <span class='ocr_line' id='line_1_17' title="bbox 183 1907 1270 1995; baseline -0.003 -19"><span class='ocrx_word' id='word_1_119' title='bbox 183 1907 385 1995; x_wconf 80' lang='grc' dir='ltr'>Φιλοθέωρος,</span> <span class='ocrx_word' id='word_1_120' title='bbox 411 1913 583 1993; x_wconf 83' lang='lat' dir='ltr'>spectandi</span> <span class='ocrx_word' id='word_1_121' title='bbox 611 1912 764 1990; x_wconf 89' lang='lat' dir='ltr'>cupidus.</span> <span class='ocrx_word' id='word_1_122' title='bbox 784 1935 795 1967; x_wconf 87' lang='grc' dir='ltr'>ι</span> <span class='ocrx_word' id='word_1_123' title='bbox 819 1909 915 1982; x_wconf 84' lang='lat' dir='ltr'>Quod</span> <span class='ocrx_word' id='word_1_124' title='bbox 942 1911 977 1972; x_wconf 94' lang='lat' dir='ltr'>in</span> <span class='ocrx_word' id='word_1_125' title='bbox 1003 1910 1180 1973; x_wconf 82' lang='lat' dir='ltr'>Britannia</span> <span class='ocrx_word' id='word_1_126' title='bbox 1203 1930 1270 1973; x_wconf 88' lang='lat' dir='ltr'>non</span> 
     </span>
     <span class='ocr_line' id='line_1_18' title="bbox 144 2009 1169 2094; baseline -0.011 -18"><span class='ocrx_word' id='word_1_127' title='bbox 144 2013 249 2076; x_wconf 84' lang='lat' dir='ltr'>nimis</span> <span class='ocrx_word' id='word_1_128' title='bbox 263 2014 434 2094; x_wconf 68' lang='grc' dir='ltr'>φιλοθέωρον</span> <span class='ocrx_word' id='word_1_129' title='bbox 449 2013 481 2073; x_wconf 87' lang='lat' dir='ltr'>te</span> <span class='ocrx_word' id='word_1_130' title='bbox 497 2010 682 2091; x_wconf 74' lang='lat' dir='ltr'>praebuisti,</span> <span class='ocrx_word' id='word_1_131' title='bbox 699 2009 797 2090; x_wconf 84' lang='lat' dir='ltr'>plane</span> <span class='ocrx_word' id='word_1_132' title='bbox 814 2027 880 2071; x_wconf 88' lang='lat' dir='ltr'>non</span> <span class='ocrx_word' id='word_1_133' title='bbox 897 2010 1101 2089; x_wconf 85' lang='lat' dir='ltr'>reprebendo</span> <span class='ocrx_word' id='word_1_134' title='bbox 1112 2009 1136 2071; x_wconf 87' lang='lat'>⁷.</span> <span class='ocrx_word' id='word_1_135' title='bbox 1158 2035 1169 2065; x_wconf 85' lang='grc' dir='ltr'>ν</span> 
     </span>
    </p>

    <p class='ocr_par' dir='ltr' id='par_1_10' title="bbox 144 2108 1272 2372">
     <span class='ocr_line' id='line_1_19' title="bbox 184 2108 1272 2193; baseline -0.005 -20"><span class='ocrx_word' id='word_1_136' title='bbox 184 2114 376 2193; x_wconf 77' lang='grc' dir='ltr'>Φιλέπατρις,</span> <span class='ocrx_word' id='word_1_137' title='bbox 399 2110 514 2190; x_wconf 83' lang='lat' dir='ltr'>patriae</span> <span class='ocrx_word' id='word_1_138' title='bbox 542 2126 670 2170; x_wconf 84' lang='lat' dir='ltr'>amans.</span> <span class='ocrx_word' id='word_1_139' title='bbox 701 2132 712 2163; x_wconf 73' lang='grc' dir='ltr'>ι</span> <span class='ocrx_word' id='word_1_140' title='bbox 740 2108 848 2179; x_wconf 80' lang='lat' dir='ltr'>Quem</span> <span class='ocrx_word' id='word_1_141' title='bbox 874 2109 1038 2190; x_wconf 71' lang='grc' dir='ltr'>φιλόπατριν</span> <span class='ocrx_word' id='word_1_142' title='bbox 1066 2125 1102 2170; x_wconf 84' lang='lat' dir='ltr'>ac</span> <span class='ocrx_word' id='word_1_143' title='bbox 1125 2110 1272 2170; x_wconf 66' lang='lat' dir='ltr'>restaurata</span> 
     </span>
     <span class='ocr_line' id='line_1_20' title="bbox 144 2206 1272 2288; baseline -0.004 -17"><span class='ocrx_word' id='word_1_144' title='bbox 144 2210 295 2273; x_wconf 90' lang='lat' dir='ltr'>bominis</span> <span class='ocrx_word' id='word_1_145' title='bbox 314 2207 491 2288; x_wconf 86' lang='lat' dir='ltr'>prudentis</span> <span class='ocrx_word' id='word_1_146' title='bbox 508 2208 540 2269; x_wconf 89' lang='lat' dir='ltr'>et</span> <span class='ocrx_word' id='word_1_147' title='bbox 559 2206 659 2269; x_wconf 86' lang='lat' dir='ltr'>amici</span> <span class='ocrx_word' id='word_1_148' title='bbox 674 2207 733 2268; x_wconf 87' lang='lat' dir='ltr'>tati</span> <span class='ocrx_word' id='word_1_149' title='bbox 749 2206 923 2268; x_wconf 87' lang='lat' dir='ltr'>admonitu</span> <span class='ocrx_word' id='word_1_150' title='bbox 940 2224 1006 2269; x_wconf 88' lang='lat' dir='ltr'>nen</span> <span class='ocrx_word' id='word_1_151' title='bbox 1027 2209 1175 2269; x_wconf 84' lang='lat' dir='ltr'>moveret</span> <span class='ocrx_word' id='word_1_152' title='bbox 1196 2223 1272 2267; x_wconf 86' lang='lat' dir='ltr'>aue-</span> 
     </span>
     <span class='ocr_line' id='line_1_21' title="bbox 144 2307 342 2372; baseline -0.04 -1"><span class='ocrx_word' id='word_1_153' title='bbox 144 2307 342 2372; x_wconf 69' lang='lat' dir='ltr'>toritasit»</span> 
     </span>
    </p>

    <p class='ocr_par' dir='ltr' id='par_1_11' title="bbox 125 2403 1333 2666">
     <span class='ocr_line' id='line_1_22' title="bbox 183 2403 1324 2489; baseline -0.005 -20"><span class='ocrx_word' id='word_1_154' title='bbox 183 2409 376 2489; x_wconf 80' lang='grc' dir='ltr'>Φιλορήτωρ,</span> <span class='ocrx_word' id='word_1_155' title='bbox 404 2405 579 2466; x_wconf 86' lang='lat' dir='ltr'>studiosus</span> <span class='ocrx_word' id='word_1_156' title='bbox 605 2404 687 2466; x_wconf 85' lang='lat' dir='ltr'>artis</span> <span class='ocrx_word' id='word_1_157' title='bbox 710 2403 882 2465; x_wconf 81' lang='lat' dir='ltr'>dicendi«</span> <span class='ocrx_word' id='word_1_158' title='bbox 902 2404 1005 2466; x_wconf 89' lang='lat' dir='ltr'>Liber</span> <span class='ocrx_word' id='word_1_159' title='bbox 1030 2404 1092 2467; x_wconf 89' lang='lat' dir='ltr'>tibi</span> <span class='ocrx_word' id='word_1_160' title='bbox 1120 2403 1272 2466; x_wconf 85' lang='lat' dir='ltr'>mittetur</span> <span class='ocrx_word' id='word_1_161' title='bbox 1322 2430 1324 2435; x_wconf 47' lang='lat'><strong>⁴</strong></span> 
     </span>
     <span class='ocr_line' id='line_1_23' title="bbox 125 2502 1333 2586; baseline -0.003 -19"><span class='ocrx_word' id='word_1_162' title='bbox 125 2505 265 2586; x_wconf 67' lang='lat' dir='ltr'>teratio</span> <span class='ocrx_word' id='word_1_163' title='bbox 284 2502 482 2583; x_wconf 69' lang='lat' dir='ltr'>Metellina)‚</span> <span class='ocrx_word' id='word_1_164' title='bbox 499 2503 660 2584; x_wconf 86' lang='lat' dir='ltr'>quoniam</span> <span class='ocrx_word' id='word_1_165' title='bbox 682 2505 714 2565; x_wconf 88' lang='lat' dir='ltr'>te</span> <span class='ocrx_word' id='word_1_166' title='bbox 734 2519 828 2564; x_wconf 88' lang='lat' dir='ltr'>amor</span> <span class='ocrx_word' id='word_1_167' title='bbox 843 2503 950 2565; x_wconf 87' lang='lat' dir='ltr'>nostri</span> <span class='ocrx_word' id='word_1_168' title='bbox 969 2505 1142 2585; x_wconf 81' lang='grc' dir='ltr'>φιλαρήτυρκ</span> <span class='ocrx_word' id='word_1_169' title='bbox 1164 2502 1273 2565; x_wconf 89' lang='lat' dir='ltr'>reddi·</span> <span class='ocrx_word' id='word_1_170' title='bbox 1331 2543 1333 2551; x_wconf 64' lang='grc'><strong><em>»</em></strong></span> 
     </span>
     <span class='ocr_line' id='line_1_24' title="bbox 145 2603 261 2666; baseline -0.052 0"><span class='ocrx_word' id='word_1_171' title='bbox 145 2603 227 2666; x_wconf 57' lang='grc' dir='ltr'>(ΠΗ.</span> <span class='ocrx_word' id='word_1_172' title='bbox 250 2627 261 2660; x_wconf 75' lang='grc' dir='ltr'>ι</span> 
     </span>
    </p>

    <p class='ocr_par' dir='ltr' id='par_1_12' title="bbox 145 2699 1272 2979">
     <span class='ocr_line' id='line_1_25' title="bbox 187 2699 1272 2782; baseline -0.001 -19"><span class='ocrx_word' id='word_1_173' title='bbox 187 2700 264 2764; x_wconf 83' lang='lat' dir='ltr'>Alia</span> <span class='ocrx_word' id='word_1_174' title='bbox 282 2701 449 2782; x_wconf 90' lang='lat' dir='ltr'>permulta</span> <span class='ocrx_word' id='word_1_175' title='bbox 464 2703 544 2763; x_wconf 91' lang='lat' dir='ltr'>sunt</span> <span class='ocrx_word' id='word_1_176' title='bbox 558 2717 634 2780; x_wconf 88' lang='lat' dir='ltr'>quae</span> <span class='ocrx_word' id='word_1_177' title='bbox 649 2699 845 2762; x_wconf 82' lang='lat' dir='ltr'>adhibuisse</span> <span class='ocrx_word' id='word_1_178' title='bbox 862 2699 995 2762; x_wconf 85' lang='lat' dir='ltr'>videtur</span> <span class='ocrx_word' id='word_1_179' title='bbox 1010 2699 1126 2762; x_wconf 84' lang='lat' dir='ltr'>Cicero</span> <span class='ocrx_word' id='word_1_180' title='bbox 1148 2703 1184 2763; x_wconf 91' lang='lat' dir='ltr'>ut</span> <span class='ocrx_word' id='word_1_181' title='bbox 1205 2717 1272 2762; x_wconf 88' lang='lat' dir='ltr'>uno</span> 
     </span>
     <span class='ocr_line' id='line_1_26' title="bbox 145 2798 1272 2880; baseline 0 -19"><span class='ocrx_word' id='word_1_182' title='bbox 145 2800 310 2863; x_wconf 85' lang='lat' dir='ltr'>vocabulo</span> <span class='ocrx_word' id='word_1_183' title='bbox 323 2800 440 2880; x_wconf 83' lang='lat' dir='ltr'>juncto</span> <span class='ocrx_word' id='word_1_184' title='bbox 463 2799 635 2880; x_wconf 83' lang='lat' dir='ltr'>complura</span> <span class='ocrx_word' id='word_1_185' title='bbox 651 2798 755 2862; x_wconf 84' lang='lat' dir='ltr'>verba</span> <span class='ocrx_word' id='word_1_186' title='bbox 773 2798 879 2860; x_wconf 84' lang='lat' dir='ltr'>latina</span> <span class='ocrx_word' id='word_1_187' title='bbox 899 2798 1070 2879; x_wconf 85' lang='lat' dir='ltr'>effugeret,</span> <span class='ocrx_word' id='word_1_188' title='bbox 1088 2816 1129 2861; x_wconf 86' lang='lat' dir='ltr'>ex</span> <span class='ocrx_word' id='word_1_189' title='bbox 1147 2799 1272 2879; x_wconf 89' lang='lat' dir='ltr'>quibus</span> 
     </span>
     <span class='ocr_line' id='line_1_27' title="bbox 145 2899 561 2979; baseline -0.002 -19"><span class='ocrx_word' id='word_1_190' title='bbox 145 2899 216 2962; x_wconf 85' lang='lat' dir='ltr'>haee</span> <span class='ocrx_word' id='word_1_191' title='bbox 232 2901 312 2961; x_wconf 84' lang='lat' dir='ltr'>sunt</span> <span class='ocrx_word' id='word_1_192' title='bbox 328 2899 536 2979; x_wconf 84' lang='lat' dir='ltr'>excerpenda</span> <span class='ocrx_word' id='word_1_193' title='bbox 554 2917 561 2959; x_wconf 93' lang='lat'>:</span> 
     </span>
    </p>

    <p class='ocr_par' dir='ltr' id='par_1_13' title="bbox 144 2995 1271 3178">
     <span class='ocr_line' id='line_1_28' title="bbox 192 2995 1271 3079; baseline -0.003 -18"><span class='ocrx_word' id='word_1_194' title='bbox 192 2996 357 3079; x_wconf 75' lang='grc' dir='ltr'>Ἀντίχθιῑιν,</span> <span class='ocrx_word' id='word_1_195' title='bbox 374 2999 464 3059; x_wconf 87' lang='lat' dir='ltr'>terra</span> <span class='ocrx_word' id='word_1_196' title='bbox 474 2997 627 3076; x_wconf 87' lang='lat' dir='ltr'>opposita</span> <span class='ocrx_word' id='word_1_197' title='bbox 638 2997 780 3076; x_wconf 89' lang='lat' dir='ltr'>pedibus</span> <span class='ocrx_word' id='word_1_198' title='bbox 794 2996 931 3058; x_wconf 87' lang='lat' dir='ltr'>nestris.</span> <span class='ocrx_word' id='word_1_199' title='bbox 945 3019 957 3052; x_wconf 79' lang='grc' dir='ltr'>ι</span> <span class='ocrx_word' id='word_1_200' title='bbox 974 2995 1087 3059; x_wconf 83' lang='lat' dir='ltr'>Altera</span> <span class='ocrx_word' id='word_1_201' title='bbox 1101 2997 1271 3073; x_wconf 85' lang='lat' dir='ltr'>australis,</span> 
     </span>
     <span class='ocr_line' id='line_1_29' title="bbox 144 3091 1011 3178; baseline -0.008 -19"><span class='ocrx_word' id='word_1_202' title='bbox 144 3097 260 3178; x_wconf 87' lang='lat' dir='ltr'>ignota</span> <span class='ocrx_word' id='word_1_203' title='bbox 275 3096 384 3172; x_wconf 75' lang='lat' dir='ltr'>nobie,</span> <span class='ocrx_word' id='word_1_204' title='bbox 401 3113 504 3177; x_wconf 87' lang='lat' dir='ltr'>quam</span> <span class='ocrx_word' id='word_1_205' title='bbox 519 3098 639 3158; x_wconf 78' lang='lat' dir='ltr'>vocant</span> <span class='ocrx_word' id='word_1_206' title='bbox 654 3094 763 3158; x_wconf 84' lang='lat' dir='ltr'>Graeci</span> <span class='ocrx_word' id='word_1_207' title='bbox 779 3097 927 3176; x_wconf 81' lang='grc' dir='ltr'>ἀντίχθονα</span> <span class='ocrx_word' id='word_1_208' title='bbox 939 3091 977 3157; x_wconf 85' lang='lat'>¹⁰.</span> <span class='ocrx_word' id='word_1_209' title='bbox 1000 3120 1011 3152; x_wconf 80' lang='grc' dir='ltr'>ν</span> 
     </span>
    </p>

    <p class='ocr_par' dir='ltr' id='par_1_14' title="bbox 146 3194 1272 3473">
     <span class='ocr_line' id='line_1_30' title="bbox 192 3194 1272 3277; baseline -0.002 -18"><span class='ocrx_word' id='word_1_210' title='bbox 192 3195 385 3277; x_wconf 56' lang='lat' dir='ltr'>&#39;Antaeum</span> <span class='ocrx_word' id='word_1_211' title='bbox 408 3195 479 3276; x_wconf 90' lang='lat' dir='ltr'>spei</span> <span class='ocrx_word' id='word_1_212' title='bbox 500 3195 684 3257; x_wconf 85' lang='lat' dir='ltr'>frustratio.</span> <span class='ocrx_word' id='word_1_213' title='bbox 707 3194 807 3257; x_wconf 69' lang='lat' dir='ltr'>r&#39;Ubi</span> <span class='ocrx_word' id='word_1_214' title='bbox 829 3194 919 3257; x_wconf 88' lang='lat' dir='ltr'>enim</span> <span class='ocrx_word' id='word_1_215' title='bbox 939 3196 1094 3276; x_wconf 82' lang='grc' dir='ltr'>ἐπίτευγμα</span> <span class='ocrx_word' id='word_1_216' title='bbox 1113 3212 1272 3275; x_wconf 84' lang='lat' dir='ltr'>magnum</span> 
     </span>
     <span class='ocr_line' id='line_1_31' title="bbox 146 3293 1270 3374; baseline -0.001 -17"><span class='ocrx_word' id='word_1_217' title='bbox 146 3296 278 3357; x_wconf 88' lang='lat' dir='ltr'>nullum</span> <span class='ocrx_word' id='word_1_218' title='bbox 304 3295 377 3357; x_wconf 89' lang='lat' dir='ltr'>fieri</span> <span class='ocrx_word' id='word_1_219' title='bbox 401 3293 519 3374; x_wconf 77' lang='lat' dir='ltr'>possit,</span> <span class='ocrx_word' id='word_1_220' title='bbox 547 3295 711 3374; x_wconf 69' lang='grc' dir='ltr'>ἀπότευγμα</span> <span class='ocrx_word' id='word_1_221' title='bbox 734 3294 787 3356; x_wconf 88' lang='lat' dir='ltr'>vel</span> <span class='ocrx_word' id='word_1_222' title='bbox 813 3310 880 3355; x_wconf 91' lang='lat' dir='ltr'>non</span> <span class='ocrx_word' id='word_1_223' title='bbox 903 3310 1063 3374; x_wconf 83' lang='lat' dir='ltr'>magnum</span> <span class='ocrx_word' id='word_1_224' title='bbox 1090 3293 1270 3356; x_wconf 87' lang='lat' dir='ltr'>molestum</span> 
     </span>
     <span class='ocr_line' id='line_1_32' title="bbox 146 3393 970 3473; baseline -0.008 -18"><span class='ocrx_word' id='word_1_225' title='bbox 146 3394 299 3455; x_wconf 78' lang='lat' dir='ltr'>futurum</span> <span class='ocrx_word' id='word_1_226' title='bbox 315 3393 371 3468; x_wconf 81' lang='lat' dir='ltr'>sit,</span> <span class='ocrx_word' id='word_1_227' title='bbox 385 3393 468 3472; x_wconf 88' lang='lat' dir='ltr'>quid</span> <span class='ocrx_word' id='word_1_228' title='bbox 483 3409 567 3472; x_wconf 85' lang='lat' dir='ltr'>opus</span> <span class='ocrx_word' id='word_1_229' title='bbox 583 3395 634 3454; x_wconf 80' lang='lat' dir='ltr'>est</span> <span class='ocrx_word' id='word_1_230' title='bbox 648 3393 889 3473; x_wconf 77' lang='grc' dir='ltr'>παρακινδυνεύειν</span> <span class='ocrx_word' id='word_1_231' title='bbox 900 3395 935 3452; x_wconf 80' lang='lat'>¹1.</span> <span class='ocrx_word' id='word_1_232' title='bbox 956 3416 970 3448; x_wconf 86' lang='grc' dir='ltr'>υ</span> 
     </span>
    </p>

    <p class='ocr_par' dir='ltr' id='par_1_15' title="bbox 145 3490 1273 3672">
     <span class='ocr_line' id='line_1_33' title="bbox 191 3490 1273 3574; baseline 0 -20"><span class='ocrx_word' id='word_1_233' title='bbox 191 3491 458 3574; x_wconf 78' lang='grc' dir='ltr'>Ἀριστοκρατικῶς,</span> <span class='ocrx_word' id='word_1_234' title='bbox 476 3490 724 3552; x_wconf 82' lang='lat' dir='ltr'>accommodate</span> <span class='ocrx_word' id='word_1_235' title='bbox 740 3491 782 3553; x_wconf 86' lang='lat' dir='ltr'>ad</span> <span class='ocrx_word' id='word_1_236' title='bbox 797 3492 923 3552; x_wconf 85' lang='lat' dir='ltr'>statum</span> <span class='ocrx_word' id='word_1_237' title='bbox 934 3492 966 3553; x_wconf 89' lang='lat' dir='ltr'>et</span> <span class='ocrx_word' id='word_1_238' title='bbox 980 3508 1120 3553; x_wconf 91' lang='lat' dir='ltr'>sensum</span> <span class='ocrx_word' id='word_1_239' title='bbox 1131 3492 1273 3572; x_wconf 86' lang='lat' dir='ltr'>optima·</span> 
     </span>
     <span class='ocr_line' id='line_1_34' title="bbox 145 3587 1229 3672; baseline -0.006 -19"><span class='ocrx_word' id='word_1_240' title='bbox 145 3590 243 3653; x_wconf 78' lang='lat' dir='ltr'>tium.</span> <span class='ocrx_word' id='word_1_241' title='bbox 259 3613 270 3645; x_wconf 71' lang='lat' dir='ltr'>t</span> <span class='ocrx_word' id='word_1_242' title='bbox 290 3590 384 3651; x_wconf 82' lang='lat' dir='ltr'>Tunc</span> <span class='ocrx_word' id='word_1_243' title='bbox 401 3587 586 3668; x_wconf 79' lang='lat' dir='ltr'>Pompeius</span> <span class='ocrx_word' id='word_1_244' title='bbox 603 3589 671 3668; x_wconf 78' lang='grc' dir='ltr'>μαλ’</span> <span class='ocrx_word' id='word_1_245' title='bbox 688 3589 926 3672; x_wconf 75' lang='grc' dir='ltr'>ἀριστοκρατικῶς</span> <span class='ocrx_word' id='word_1_246' title='bbox 946 3589 1078 3652; x_wconf 80' lang='lat' dir='ltr'>locutus</span> <span class='ocrx_word' id='word_1_247' title='bbox 1095 3592 1146 3653; x_wconf 79' lang='lat' dir='ltr'>est</span> <span class='ocrx_word' id='word_1_248' title='bbox 1158 3592 1194 3653; x_wconf 80' lang='lat'>¹².</span> <span class='ocrx_word' id='word_1_249' title='bbox 1218 3615 1229 3646; x_wconf 91' lang='grc' dir='ltr'>ν</span> 
     </span>
    </p>
   </div>
   <div class='ocr_carea' id='block_1_3' title="bbox 143 3841 1272 4254">
    <p class='ocr_par' dir='ltr' id='par_1_16' title="bbox 143 3841 1272 4254">
     <span class='ocr_line' id='line_1_35' title="bbox 186 3841 1270 3911; baseline 0 -11"><span class='ocrx_word' id='word_1_250' title='bbox 186 3846 212 3900; x_wconf 83' lang='lat' dir='ltr'>r.</span> <span class='ocrx_word' id='word_1_251' title='bbox 233 3844 285 3898; x_wconf 73' lang='lat' dir='ltr'>Aa</span> <span class='ocrx_word' id='word_1_252' title='bbox 300 3844 377 3909; x_wconf 75' lang='grc' dir='ltr'>αττ,</span> <span class='ocrx_word' id='word_1_253' title='bbox 399 3843 450 3910; x_wconf 80' lang='lat' dir='ltr'>iv,</span> <span class='ocrx_word' id='word_1_254' title='bbox 467 3843 512 3907; x_wconf 81' lang='lat' dir='ltr'>ra,</span> <span class='ocrx_word' id='word_1_255' title='bbox 528 3841 554 3897; x_wconf 84' lang='lat' dir='ltr'>a.</span> <span class='ocrx_word' id='word_1_256' title='bbox 571 3871 606 3882; x_wconf 97' lang='lat'>-</span> <span class='ocrx_word' id='word_1_257' title='bbox 619 3843 647 3898; x_wconf 80' lang='lat' dir='ltr'>a.</span> <span class='ocrx_word' id='word_1_258' title='bbox 669 3841 759 3906; x_wconf 72' lang='lat' dir='ltr'>utu,</span> <span class='ocrx_word' id='word_1_259' title='bbox 775 3842 859 3907; x_wconf 83' lang='lat' dir='ltr'>xm,</span> <span class='ocrx_word' id='word_1_260' title='bbox 881 3842 925 3907; x_wconf 81' lang='lat' dir='ltr'>aa,</span> <span class='ocrx_word' id='word_1_261' title='bbox 942 3843 968 3896; x_wconf 85' lang='lat' dir='ltr'>a.</span> <span class='ocrx_word' id='word_1_262' title='bbox 986 3873 1020 3883; x_wconf 92' lang='lat'>-</span> <span class='ocrx_word' id='word_1_263' title='bbox 1032 3843 1059 3899; x_wconf 87' lang='lat'>3.</span> <span class='ocrx_word' id='word_1_264' title='bbox 1080 3843 1169 3908; x_wconf 80' lang='lat' dir='ltr'>rua,</span> <span class='ocrx_word' id='word_1_265' title='bbox 1185 3844 1270 3911; x_wconf 79' lang='lat' dir='ltr'>inu,</span> 
     </span>
     <span class='ocr_line' id='line_1_36' title="bbox 146 3926 1272 3994; baseline -0.003 -8"><span class='ocrx_word' id='word_1_266' title='bbox 146 3928 322 3994; x_wconf 12' lang='lat' dir='ltr'><strong>13‚V1.-4.</strong></span> <span class='ocrx_word' id='word_1_267' title='bbox 346 3926 435 3991; x_wconf 79' lang='lat' dir='ltr'>rua,</span> <span class='ocrx_word' id='word_1_268' title='bbox 453 3927 476 3992; x_wconf 84' lang='lat' dir='ltr'>r,</span> <span class='ocrx_word' id='word_1_269' title='bbox 493 3927 629 3991; x_wconf 84' lang='lat'><strong>15,1.-</strong></span> <span class='ocrx_word' id='word_1_270' title='bbox 646 3927 673 3982; x_wconf 84' lang='lat'>5.</span> <span class='ocrx_word' id='word_1_271' title='bbox 690 3927 779 3994; x_wconf 78' lang='lat' dir='ltr'>rura,</span> <span class='ocrx_word' id='word_1_272' title='bbox 797 3927 879 3990; x_wconf 81' lang='lat' dir='ltr'>xm,</span> <span class='ocrx_word' id='word_1_273' title='bbox 895 3927 939 3991; x_wconf 80' lang='lat' dir='ltr'>ra,</span> <span class='ocrx_word' id='word_1_274' title='bbox 953 3926 980 3982; x_wconf 87' lang='lat'>3.</span> <span class='ocrx_word' id='word_1_275' title='bbox 997 3959 1031 3966; x_wconf 91' lang='lat'>-</span> <span class='ocrx_word' id='word_1_276' title='bbox 1045 3928 1072 3982; x_wconf 81' lang='lat' dir='ltr'>a.</span> <span class='ocrx_word' id='word_1_277' title='bbox 1094 3930 1145 3981; x_wconf 67' lang='lat' dir='ltr'>aa</span> <span class='ocrx_word' id='word_1_278' title='bbox 1167 3930 1272 3994; x_wconf 62' lang='lat' dir='ltr'>ram„</span> 
     </span>
     <span class='ocr_line' id='line_1_37' title="bbox 150 4011 1268 4082; baseline -0.003 -11"><span class='ocrx_word' id='word_1_279' title='bbox 150 4015 213 4082; x_wconf 81' lang='lat' dir='ltr'>xv,</span> <span class='ocrx_word' id='word_1_280' title='bbox 230 4013 275 4081; x_wconf 83' lang='lat' dir='ltr'>re,</span> <span class='ocrx_word' id='word_1_281' title='bbox 288 4013 344 4080; x_wconf 73' lang='lat' dir='ltr'>aa</span> <span class='ocrx_word' id='word_1_282' title='bbox 360 4012 447 4068; x_wconf 74' lang='lat' dir='ltr'>Cassi</span> <span class='ocrx_word' id='word_1_283' title='bbox 463 4027 490 4066; x_wconf 81' lang='grc' dir='ltr'>ο.</span> <span class='ocrx_word' id='word_1_284' title='bbox 507 4011 818 4080; x_wconf 79' lang='lat' dir='ltr'>-r.1um.‚v11,1e,</span> <span class='ocrx_word' id='word_1_285' title='bbox 835 4012 903 4066; x_wconf 85' lang='lat'>1.-</span> <span class='ocrx_word' id='word_1_286' title='bbox 917 4012 944 4067; x_wconf 81' lang='lat' dir='ltr'>e.</span> <span class='ocrx_word' id='word_1_287' title='bbox 967 4014 1103 4081; x_wconf 42' lang='lat' dir='ltr'>nutura,</span> <span class='ocrx_word' id='word_1_288' title='bbox 1115 4014 1167 4081; x_wconf 83' lang='lat' dir='ltr'>rx,</span> <span class='ocrx_word' id='word_1_289' title='bbox 1183 4012 1268 4079; x_wconf 78' lang='lat' dir='ltr'>mu.</span> 
     </span>
     <span class='ocr_line' id='line_1_38' title="bbox 144 4096 1264 4169; baseline -0.001 -14"><span class='ocrx_word' id='word_1_290' title='bbox 144 4129 179 4141; x_wconf 93' lang='lat'>-</span> <span class='ocrx_word' id='word_1_291' title='bbox 192 4101 219 4155; x_wconf 85' lang='lat'>9.</span> <span class='ocrx_word' id='word_1_292' title='bbox 244 4098 335 4163; x_wconf 78' lang='lat' dir='ltr'>rua,</span> <span class='ocrx_word' id='word_1_293' title='bbox 351 4098 374 4166; x_wconf 87' lang='lat'>1,</span> <span class='ocrx_word' id='word_1_294' title='bbox 395 4097 440 4163; x_wconf 83' lang='lat'>13,</span> <span class='ocrx_word' id='word_1_295' title='bbox 456 4097 483 4152; x_wconf 87' lang='lat'>5.</span> <span class='ocrx_word' id='word_1_296' title='bbox 504 4126 539 4136; x_wconf 92' lang='lat'>-</span> <span class='ocrx_word' id='word_1_297' title='bbox 553 4096 597 4153; x_wconf 84' lang='grc' dir='ltr'>ιο.</span> <span class='ocrx_word' id='word_1_298' title='bbox 623 4099 724 4162; x_wconf 70' lang='grc' dir='ltr'>κατα,</span> <span class='ocrx_word' id='word_1_299' title='bbox 739 4096 763 4163; x_wconf 83' lang='lat' dir='ltr'>r,</span> <span class='ocrx_word' id='word_1_300' title='bbox 783 4096 828 4164; x_wconf 79' lang='lat' dir='ltr'>aa,</span> <span class='ocrx_word' id='word_1_301' title='bbox 844 4097 888 4153; x_wconf 84' lang='lat' dir='ltr'>ee.</span> <span class='ocrx_word' id='word_1_302' title='bbox 905 4127 939 4136; x_wconf 93' lang='lat'>-</span> <span class='ocrx_word' id='word_1_303' title='bbox 959 4098 1002 4152; x_wconf 86' lang='lat' dir='ltr'>u.</span> <span class='ocrx_word' id='word_1_304' title='bbox 1025 4099 1075 4152; x_wconf 76' lang='lat' dir='ltr'>nu</span> <span class='ocrx_word' id='word_1_305' title='bbox 1089 4099 1164 4169; x_wconf 70' lang='grc' dir='ltr'>κικ,</span> <span class='ocrx_word' id='word_1_306' title='bbox 1180 4098 1264 4167; x_wconf 84' lang='lat' dir='ltr'>xm,</span> 
     </span>
     <span class='ocr_line' id='line_1_39' title="bbox 143 4181 583 4254; baseline -0.009 -13"><span class='ocrx_word' id='word_1_307' title='bbox 143 4186 189 4254; x_wconf 77' lang='lat' dir='ltr'>ur,</span> <span class='ocrx_word' id='word_1_308' title='bbox 200 4185 226 4240; x_wconf 91' lang='lat'>1.</span> <span class='ocrx_word' id='word_1_309' title='bbox 243 4182 480 4250; x_wconf 80' lang='lat' dir='ltr'>-ra.1uu.,1,</span> <span class='ocrx_word' id='word_1_310' title='bbox 497 4181 541 4248; x_wconf 83' lang='lat'>14,</span> <span class='ocrx_word' id='word_1_311' title='bbox 555 4182 583 4238; x_wconf 80' lang='lat' dir='ltr'>a.</span> 
     </span>
    </p>
   </div>
   <div class='ocr_carea' id='block_1_4' title="bbox 0 0 1423 4808">
    <p class='ocr_par' dir='ltr' id='par_1_17' title="bbox 0 0 1423 4808">
     <span class='ocr_line' id='line_1_40' title="bbox 0 0 1423 4808; baseline 0 0"><span class='ocrx_word' id='word_1_312' title='bbox 0 0 1423 4808; x_wconf 95' lang='lat' dir='ltr'> </span> 
     </span>
    </p>
   </div>
  </div>
 </body>
</html>
