2828 4808
649 307 809 367 2-62..

171 440 230 519 δος,
248 442 490 520 σννσιπογρσπτέσν
508 441 586 518 ὅμως
606 443 667 511 τοῖς
688 439 830 518 ἀρίστοις;
847 437 871 499 εἰ
890 443 951 511 τοῖς
966 437 1125 520 εὐεργέταις
1138 438 1188 500 ναὶ
1206 439 1305 520 φίλοις

170 538 406 617 συγκινδυνευτὲον
430 537 458 598 ἐν
484 542 547 610 τοῖς
568 537 739 613 πολιτικοῖς,
764 541 816 598 κᾶν
841 537 880 614 μὴ
904 536 1020 597 δοκῶσιν
1043 535 1072 598 εὖ
1097 537 1304 613 βεόουλεῡσθαι

169 626 232 719 περὶ
248 644 303 699 τῶν
319 639 410 716 ticum
428 636 452 698 εἰ
467 638 482 699 ὃ
498 638 612 716 μεγάλα
627 638 677 714 τὴν
694 637 816 718 πατρίδα
828 639 1025 718 ευεργετήσας,
1040 637 1065 697 δι
1081 635 1147 698 αὐτὸ
1167 637 1198 698 δὲ
1217 642 1304 698 τοῦτο

170 739 310 811 σινήνεστα
324 737 419 796 παθὼν
434 735 481 796 aci
498 736 655 817 φθονηθείς,
671 735 866 796 κινδυνεύσειεν
882 739 913 796 ἂν
926 735 1078 812 ἐθελοντὴς
1091 736 1159 816 ὑπὲρ
1175 741 1228 811 τῆς
1244 757 1304 795 πα-

171 835 283 914 τρίδοςς
300 833 324 895 εἰ
339 834 448 914 ἐφετέον
464 833 539 914 αὐτῷ
555 834 654 894 ἑαυτοῦ
667 832 796 894 ποτεναὶ
810 838 865 893 τῶν
879 832 1057 894 οἰκειοτάτων
1071 834 1213 895 ποιεῖσθαι
1227 835 1304 914 στρέ-

172 953 250 992 νοισιν
265 931 395 1014 ἀφεμένῳ
409 933 460 1005 τὰς
474 933 543 1014 τρὶς
558 933 622 1004 τσὺς
638 934 784 1010 ισχὺοντας
799 931 844 991 aa
860 931 1044 1004 τολιτείας1;

215 1052 225 1084 ι
252 1028 291 1090 In
309 1028 363 1090 his
382 1046 441 1108 ago
459 1046 512 1090 ma
528 1027 833 1091 consultationibus
849 1045 1009 1090 exercens
1028 1029 1060 1090 ot
1074 1027 1250 1090 disserens
1267 1026 1304 1088 in

175 1127 352 1206 utramque
370 1128 498 1205 partem
515 1128 588 1188 tum
606 1142 711 1206 graece
728 1118 801 1188 tum
818 1125 934 1201 iatine,
955 1127 987 1188 et
1002 1130 1305 1200 abducomurum-

163 1241 238 1303 per
252 1224 405 1286 animum
422 1242 440 1285 a
455 1223 632 1298 molestiis,
650 1225 682 1286 ot
699 1231 751 1285 τῶν
766 1226 904 1305 πρσῡργσὺ
919 1246 945 1285 τι
961 1223 1109 1286 delibero
1120 1224 1144 1285 ².
1173 1246 1185 1278 ι

211 1322 252 1384 In
275 1340 363 1384 nona
381 1324 495 1385 autem
514 1323 584 1385 haec
606 1322 698 1384 addit
721 1340 728 1382 :
752 1345 764 1377 ι
787 1321 967 1383 Faciamus
986 1321 1089 1401 igitur
1109 1322 1146 1384 ut
1164 1337 1301 1396 consec,

171 1419 435 1501 colligamusque
456 1438 517 1482 nos
540 1439 548 1481 :
569 1423 720 1502 σσσιστεὺω
743 1420 851 1493 enim,
878 1419 981 1481 simui
1000 1421 1037 1482 ut
1058 1436 1118 1481 rus
1140 1419 1301 1494 decurro,

171 1521 270 1598 atque
286 1518 321 1580 in
337 1535 438 1580 cursu
455 1522 544 1593 θέσεις
560 1534 653 1580 meas
668 1517 888 1579 commentari
904 1534 972 1578 non
988 1517 1105 1580 desino
1117 1518 1139 1579 ³.
1168 1540 1180 1572 »

211 1617 302 1678 Dum
322 1616 479 1678 civilibus
498 1614 597 1680 bellis
615 1616 713 1679 Italia
732 1616 924 1696 conflagrat,
941 1618 1031 1690 θέσεις
1049 1615 1303 1683 commentatur

171 1714 298 1791 Cicero,
315 1717 476 1794 tanquam
491 1715 657 1796 gracculus
674 1719 818 1799 σοφιστής.

207 1961 232 2015 1.
254 1961 360 2016 Cetera
374 1961 480 2016 Graeca
495 1961 570 2015 satis
585 1959 725 2032 expedita
743 1963 830 2026 sunt,
846 1959 989 2039 ultimam
1004 1973 1076 2014 varo
1092 1957 1299 2030 quaestionem

172 2045 215 2100 sic
232 2046 358 2101 enuntia
375 2061 380 2101 :
398 2063 413 2100 c
429 2045 513 2100 Sitne
533 2046 560 2100 ai
577 2044 805 2100 concedendum
822 2049 855 2100 ut
873 2045 920 2099 sui
939 2043 1107 2114 aliquando
1123 2047 1152 2098 et
1169 2058 1301 2098 suorum

172 2146 275 2185 curam
299 2135 397 2201 gerat,
420 2131 546 2195 omissis
568 2130 716 2184 adversus
740 2133 878 2202 potentes
901 2128 1178 2183 concertationibus
1199 2128 1301 2183 civili-

171 2214 484 2286 ousa»(u1·n.).-a.
502 2215 697 2283 autumn,
710 2213 876 2285 manua.
890 2213 988 2284 noct).
1007 2212 1079 2282 ι-3,
1097 2211 1187 2278 lma,
1200 2213 1255 2280 ix,
1268 2212 1298 2267 o.
